
    <record>
  <controlfield tag="001">56110</controlfield>
  <controlfield tag="005">20250320172621.0</controlfield>
  <datafield tag="035" ind1=" " ind2=" ">
    <subfield code="a">(jpnmap)00045</subfield>
  </datafield>
  <datafield tag="041" ind1=" " ind2=" ">
    <subfield code="a">jpn</subfield>
  </datafield>
  <datafield tag="245" ind1=" " ind2=" ">
    <subfield code="6">880-02</subfield>
    <subfield code="a">Shin nikyō jūhasshō kyōiki zenzu</subfield>
  </datafield>
  <datafield tag="246" ind1=" " ind2=" ">
    <subfield code="6">880-03</subfield>
    <subfield code="a">Shin nikyō jūhasshō yochi zenzu</subfield>
  </datafield>
  <datafield tag="246" ind1=" " ind2=" ">
    <subfield code="6">880-04</subfield>
    <subfield code="a">[Shin nikyō jūhas] shō yochi [zenzu]</subfield>
  </datafield>
  <datafield tag="255" ind1=" " ind2=" ">
    <subfield code="a">Scale not given.</subfield>
  </datafield>
  <datafield tag="260" ind1=" " ind2=" ">
    <subfield code="6">880-05</subfield>
    <subfield code="a">Kyōto</subfield>
    <subfield code="b">Izumoji Bunjirō ... [and13  others] ;  Edo</subfield>
    <subfield code="b">Suharaya Ihachi ... [et al.]</subfield>
    <subfield code="c">Kaei 3 [1850]</subfield>
  </datafield>
  <datafield tag="269" ind1=" " ind2=" ">
    <subfield code="a">1850</subfield>
  </datafield>
  <datafield tag="300" ind1=" " ind2=" ">
    <subfield code="a">1 atlas</subfield>
    <subfield code="b">24 color maps</subfield>
    <subfield code="c">34 cm</subfield>
  </datafield>
  <datafield tag="336" ind1=" " ind2=" ">
    <subfield code="a">Map</subfield>
  </datafield>
  <datafield tag="500" ind1=" " ind2=" ">
    <subfield code="a">Title from preface.</subfield>
  </datafield>
  <datafield tag="500" ind1=" " ind2=" ">
    <subfield code="a">Wood block print.</subfield>
  </datafield>
  <datafield tag="500" ind1=" " ind2=" ">
    <subfield code="a">Relief shown pictorially.</subfield>
  </datafield>
  <datafield tag="500" ind1=" " ind2=" ">
    <subfield code="a">Shows administrative divisions.</subfield>
  </datafield>
  <datafield tag="540" ind1=" " ind2=" ">
    <subfield code="a">Researchers may make free and open use of the UC Berkeley Library’s digitized public domain materials. However, some materials in our online collections may be protected by U.S. copyright law (Title 17, U.S.C.). Use or reproduction of materials protected by copyright beyond that allowed by fair use (Title 17, U.S.C. § 107) requires permission from the copyright owners. The use or reproduction of some materials may also be restricted by terms of University of California gift or purchase agreements, privacy and publicity rights, or trademark law. Responsibility for determining rights status and permissibility of any use or reproduction rests exclusively with the researcher. To learn more or make inquiries, please see our permissions policies (https://www.lib.berkeley.edu/about/permissions-policies).
</subfield>
  </datafield>
  <datafield tag="546" ind1=" " ind2=" ">
    <subfield code="a">In Japanese.</subfield>
  </datafield>
  <datafield tag="651" ind1=" " ind2=" ">
    <subfield code="a">China -- Maps.</subfield>
  </datafield>
  <datafield tag="651" ind1=" " ind2=" ">
    <subfield code="a">China.</subfield>
  </datafield>
  <datafield tag="655" ind1=" " ind2=" ">
    <subfield code="a">Maps.</subfield>
    <subfield code="2">fast</subfield>
  </datafield>
  <datafield tag="700" ind1="1" ind2=" ">
    <subfield code="6">880-01</subfield>
    <subfield code="a">Tōjō, Kindai,  1795-1878.</subfield>
  </datafield>
  <datafield tag="852" ind1=" " ind2=" ">
    <subfield code="c">East Asian Library</subfield>
  </datafield>
  <datafield tag="856" ind1="4" ind2="1">
    <subfield code="u">https://search.library.berkeley.edu/discovery/fulldisplay?context=L&amp;vid=01UCS_BER:UCB&amp;docid=alma991020327229706532</subfield>
    <subfield code="y">View library catalog record.</subfield>
  </datafield>
  <datafield tag="856" ind1="4" ind2=" ">
    <subfield code="y">Text Page 1</subfield>
    <subfield code="9">c766198c-aa56-41b6-9f36-b1f478d6d077</subfield>
    <subfield code="s">16330390</subfield>
    <subfield code="u">https://digicoll.lib.berkeley.edu/record/56110/files/10010-Ba1_1_01.jpg</subfield>
  </datafield>
  <datafield tag="856" ind1="4" ind2=" ">
    <subfield code="y">Contents</subfield>
    <subfield code="9">c5aed3e1-d117-4bd4-aac5-41ec433104e6</subfield>
    <subfield code="s">14949223</subfield>
    <subfield code="u">https://digicoll.lib.berkeley.edu/record/56110/files/10020-Ba1_1_02.jpg</subfield>
  </datafield>
  <datafield tag="856" ind1="4" ind2=" ">
    <subfield code="y">Text Page 2</subfield>
    <subfield code="9">2cfd1fca-f724-4ecb-9243-1bfa0a776e76</subfield>
    <subfield code="s">16001190</subfield>
    <subfield code="u">https://digicoll.lib.berkeley.edu/record/56110/files/10030-Ba1_1_03.jpg</subfield>
  </datafield>
  <datafield tag="856" ind1="4" ind2=" ">
    <subfield code="y">Text Page 3</subfield>
    <subfield code="9">4d26340e-20e0-4cd5-a8c9-761bba0906cb</subfield>
    <subfield code="s">17076858</subfield>
    <subfield code="u">https://digicoll.lib.berkeley.edu/record/56110/files/10040-Ba1_1_04.jpg</subfield>
  </datafield>
  <datafield tag="856" ind1="4" ind2=" ">
    <subfield code="y">Map of China</subfield>
    <subfield code="9">e4ce8881-0d0f-437f-b4a7-917810901576</subfield>
    <subfield code="s">16014691</subfield>
    <subfield code="u">https://digicoll.lib.berkeley.edu/record/56110/files/10050-Ba1_1_05.jpg</subfield>
  </datafield>
  <datafield tag="856" ind1="4" ind2=" ">
    <subfield code="y">Map of Beijing</subfield>
    <subfield code="9">861ef06b-43a1-40ef-aa6d-ab566f31970f</subfield>
    <subfield code="s">14520026</subfield>
    <subfield code="u">https://digicoll.lib.berkeley.edu/record/56110/files/10060-Ba1_1_06.jpg</subfield>
  </datafield>
  <datafield tag="856" ind1="4" ind2=" ">
    <subfield code="y">Liaoning Province</subfield>
    <subfield code="9">14f12dc2-200d-46ec-be46-71ad702bff81</subfield>
    <subfield code="s">16201786</subfield>
    <subfield code="u">https://digicoll.lib.berkeley.edu/record/56110/files/10070-Ba1_1_07.jpg</subfield>
  </datafield>
  <datafield tag="856" ind1="4" ind2=" ">
    <subfield code="y">Map of province in China</subfield>
    <subfield code="9">92d6695b-ac13-4fae-a1c8-992bed2a4563</subfield>
    <subfield code="s">16729200</subfield>
    <subfield code="u">https://digicoll.lib.berkeley.edu/record/56110/files/10080-Ba1_1_08.jpg</subfield>
  </datafield>
  <datafield tag="856" ind1="4" ind2=" ">
    <subfield code="y">Map of province in China</subfield>
    <subfield code="9">825e6f18-b84e-4482-a6ee-143fa5b42625</subfield>
    <subfield code="s">16545497</subfield>
    <subfield code="u">https://digicoll.lib.berkeley.edu/record/56110/files/10090-Ba1_1_09.jpg</subfield>
  </datafield>
  <datafield tag="856" ind1="4" ind2=" ">
    <subfield code="y">Map of province in China</subfield>
    <subfield code="9">36b6b20b-33a5-4fae-aaea-9268b90b9c33</subfield>
    <subfield code="s">16936765</subfield>
    <subfield code="u">https://digicoll.lib.berkeley.edu/record/56110/files/10100-Ba1_1_10.jpg</subfield>
  </datafield>
  <datafield tag="856" ind1="4" ind2=" ">
    <subfield code="y">Map of province in China</subfield>
    <subfield code="9">a0d660cd-6a32-4ec4-bfaf-748cb238cb1a</subfield>
    <subfield code="s">16722751</subfield>
    <subfield code="u">https://digicoll.lib.berkeley.edu/record/56110/files/10110-Ba1_1_11.jpg</subfield>
  </datafield>
  <datafield tag="856" ind1="4" ind2=" ">
    <subfield code="y">Map of province in China</subfield>
    <subfield code="9">fdeb5e2b-2e60-4a68-95ef-6f923c11f3c2</subfield>
    <subfield code="s">16041752</subfield>
    <subfield code="u">https://digicoll.lib.berkeley.edu/record/56110/files/10120-Ba1_1_12.jpg</subfield>
  </datafield>
  <datafield tag="856" ind1="4" ind2=" ">
    <subfield code="y">Map of province in China</subfield>
    <subfield code="9">7114373e-260d-4941-8022-986194ca958c</subfield>
    <subfield code="s">14482158</subfield>
    <subfield code="u">https://digicoll.lib.berkeley.edu/record/56110/files/10130-Ba1_1_13.jpg</subfield>
  </datafield>
  <datafield tag="856" ind1="4" ind2=" ">
    <subfield code="y">Map of province in China</subfield>
    <subfield code="9">53a81f99-7048-4e60-acbd-782385863e12</subfield>
    <subfield code="s">15335137</subfield>
    <subfield code="u">https://digicoll.lib.berkeley.edu/record/56110/files/10140-Ba1_1_14.jpg</subfield>
  </datafield>
  <datafield tag="856" ind1="4" ind2=" ">
    <subfield code="y">Map of province in China</subfield>
    <subfield code="9">fd284d00-bd17-4ca1-b78d-51d79ce7f9aa</subfield>
    <subfield code="s">15616580</subfield>
    <subfield code="u">https://digicoll.lib.berkeley.edu/record/56110/files/10150-Ba1_1_15.jpg</subfield>
  </datafield>
  <datafield tag="856" ind1="4" ind2=" ">
    <subfield code="y">"Fujian, Taiwan"</subfield>
    <subfield code="9">a112cafb-f69c-4ce5-8189-68ec1f5a92d7</subfield>
    <subfield code="s">15437774</subfield>
    <subfield code="u">https://digicoll.lib.berkeley.edu/record/56110/files/10160-Ba1_1_16.jpg</subfield>
  </datafield>
  <datafield tag="856" ind1="4" ind2=" ">
    <subfield code="y">Map of province in China</subfield>
    <subfield code="9">bb53e877-7fd8-4863-9731-a52b89425043</subfield>
    <subfield code="s">14783217</subfield>
    <subfield code="u">https://digicoll.lib.berkeley.edu/record/56110/files/10170-Ba1_1_17.jpg</subfield>
  </datafield>
  <datafield tag="856" ind1="4" ind2=" ">
    <subfield code="y">Map of province in China</subfield>
    <subfield code="9">6667d83b-a888-4bf4-b270-b0a97c42a33c</subfield>
    <subfield code="s">14989929</subfield>
    <subfield code="u">https://digicoll.lib.berkeley.edu/record/56110/files/10180-Ba1_1_18.jpg</subfield>
  </datafield>
  <datafield tag="856" ind1="4" ind2=" ">
    <subfield code="y">"Guangdong, Hainan"</subfield>
    <subfield code="9">a5b5ea64-8ef8-4d3e-b65e-4da8de8271bd</subfield>
    <subfield code="s">15757751</subfield>
    <subfield code="u">https://digicoll.lib.berkeley.edu/record/56110/files/10190-Ba1_1_19.jpg</subfield>
  </datafield>
  <datafield tag="856" ind1="4" ind2=" ">
    <subfield code="y">Map of province in China</subfield>
    <subfield code="9">7b25b852-cab0-45e6-8182-4bc3a34e4fac</subfield>
    <subfield code="s">15969325</subfield>
    <subfield code="u">https://digicoll.lib.berkeley.edu/record/56110/files/10200-Ba1_1_20.jpg</subfield>
  </datafield>
  <datafield tag="856" ind1="4" ind2=" ">
    <subfield code="y">Map of province in China</subfield>
    <subfield code="9">46ee8e38-504c-489e-9d29-aa1a5ec1775a</subfield>
    <subfield code="s">16148074</subfield>
    <subfield code="u">https://digicoll.lib.berkeley.edu/record/56110/files/10210-Ba1_1_21.jpg</subfield>
  </datafield>
  <datafield tag="856" ind1="4" ind2=" ">
    <subfield code="y">Map of province in China</subfield>
    <subfield code="9">625d73e8-fc45-48f3-9282-b2c725f5f0aa</subfield>
    <subfield code="s">15883118</subfield>
    <subfield code="u">https://digicoll.lib.berkeley.edu/record/56110/files/10220-Ba1_1_22.jpg</subfield>
  </datafield>
  <datafield tag="856" ind1="4" ind2=" ">
    <subfield code="y">Map of province in China</subfield>
    <subfield code="9">db10a5f0-32c9-422e-ace9-4ce94a15e3f0</subfield>
    <subfield code="s">16285038</subfield>
    <subfield code="u">https://digicoll.lib.berkeley.edu/record/56110/files/10230-Ba1_1_23.jpg</subfield>
  </datafield>
  <datafield tag="856" ind1="4" ind2=" ">
    <subfield code="y">Map of province in China</subfield>
    <subfield code="9">04901956-4a20-4dc2-94f5-7df95896a314</subfield>
    <subfield code="s">16150851</subfield>
    <subfield code="u">https://digicoll.lib.berkeley.edu/record/56110/files/10240-Ba1_1_24.jpg</subfield>
  </datafield>
  <datafield tag="856" ind1="4" ind2=" ">
    <subfield code="y">Map of province in China</subfield>
    <subfield code="9">52d468dc-d2b6-4906-8265-f280c51fa66a</subfield>
    <subfield code="s">16245270</subfield>
    <subfield code="u">https://digicoll.lib.berkeley.edu/record/56110/files/10250-Ba1_1_25.jpg</subfield>
  </datafield>
  <datafield tag="856" ind1="4" ind2=" ">
    <subfield code="y">Text Page 1</subfield>
    <subfield code="9">1bcaf0b9-47c2-4911-afbb-94f1b652d785</subfield>
    <subfield code="s">14518411</subfield>
    <subfield code="u">https://digicoll.lib.berkeley.edu/record/56110/files/10260-Ba1_1_26.jpg</subfield>
  </datafield>
  <datafield tag="856" ind1="4" ind2=" ">
    <subfield code="y">Text Page 2</subfield>
    <subfield code="9">bb6e26f3-702e-4cda-afee-abb44aef6447</subfield>
    <subfield code="s">14346035</subfield>
    <subfield code="u">https://digicoll.lib.berkeley.edu/record/56110/files/10270-Ba1_1_27.jpg</subfield>
  </datafield>
  <datafield tag="856" ind1="4" ind2=" ">
    <subfield code="y">Cover</subfield>
    <subfield code="9">27a2da7a-5f13-485f-8ff8-19a6ef1fd9b4</subfield>
    <subfield code="s">13595944</subfield>
    <subfield code="u">https://digicoll.lib.berkeley.edu/record/56110/files/10280-Ba1_1_a.jpg</subfield>
  </datafield>
  <datafield tag="856" ind1="4" ind2="1">
    <subfield code="u">https://guides.lib.berkeley.edu/subject-guide/JapaneseHistoricalMaps</subfield>
    <subfield code="y">View collection guide</subfield>
  </datafield>
  <datafield tag="880" ind1="1" ind2=" ">
    <subfield code="6">700-01</subfield>
    <subfield code="a">東条琴台,  1795-1878.</subfield>
  </datafield>
  <datafield tag="880" ind1=" " ind2=" ">
    <subfield code="6">245-02</subfield>
    <subfield code="a">淸二京十八省疆域全圖</subfield>
  </datafield>
  <datafield tag="880" ind1=" " ind2=" ">
    <subfield code="6">246-03</subfield>
    <subfield code="a">清二京十八省輿地全図</subfield>
  </datafield>
  <datafield tag="880" ind1=" " ind2=" ">
    <subfield code="6">246-04</subfield>
    <subfield code="a">[清二京十八]省輿地[全圖]</subfield>
  </datafield>
  <datafield tag="880" ind1=" " ind2=" ">
    <subfield code="6">260-05</subfield>
    <subfield code="a">京都</subfield>
    <subfield code="b">出雲寺文次郎 ... [and 13 others] ; 江戶</subfield>
    <subfield code="b">須原屋伊八</subfield>
    <subfield code="c">嘉永 3 [1850]</subfield>
  </datafield>
  <datafield tag="880" ind1=" " ind2=" ">
    <subfield code="6">246-00</subfield>
    <subfield code="a">清二京十八省疆域全図</subfield>
  </datafield>
  <datafield tag="901" ind1=" " ind2=" ">
    <subfield code="m">991020327229706532</subfield>
  </datafield>
  <datafield tag="902" ind1=" " ind2=" ">
    <subfield code="d">2022-01-03</subfield>
    <subfield code="n">YZ</subfield>
  </datafield>
  <datafield tag="903" ind1=" " ind2=" ">
    <subfield code="b">m</subfield>
  </datafield>
  <datafield tag="909" ind1="C" ind2="O">
    <subfield code="o">oai:digicoll.lib.berkeley.edu:56110</subfield>
    <subfield code="p">japanesehistoricalmaps</subfield>
    <subfield code="p">sfg</subfield>
    <subfield code="q">mcleanCalisphere_oai</subfield>
  </datafield>
  <datafield tag="980" ind1=" " ind2=" ">
    <subfield code="a">jpnmap</subfield>
  </datafield>
  <datafield tag="982" ind1=" " ind2=" ">
    <subfield code="a">Japanese Historical Maps</subfield>
    <subfield code="b">Japanese Historical Maps</subfield>
  </datafield>
</record>