
    <record>
  <controlfield tag="001">56116</controlfield>
  <controlfield tag="005">20250320172623.0</controlfield>
  <datafield tag="035" ind1=" " ind2=" ">
    <subfield code="a">(jpnmap)00051</subfield>
  </datafield>
  <datafield tag="041" ind1=" " ind2=" ">
    <subfield code="a">jpn</subfield>
  </datafield>
  <datafield tag="245" ind1=" " ind2=" ">
    <subfield code="6">880-01</subfield>
    <subfield code="a">Rokoku tōhō keieibumen zenzu</subfield>
  </datafield>
  <datafield tag="246" ind1=" " ind2=" ">
    <subfield code="6">880-02</subfield>
    <subfield code="a">Rokoku tōhō keieibumen zenzu.</subfield>
  </datafield>
  <datafield tag="255" ind1=" " ind2=" ">
    <subfield code="a">Scale 1:1,650,000.</subfield>
  </datafield>
  <datafield tag="260" ind1=" " ind2=" ">
    <subfield code="6">880-03</subfield>
    <subfield code="a">Tōkyō</subfield>
    <subfield code="b">Kokuryūkai</subfield>
    <subfield code="c">Meiji 35 [1902]</subfield>
  </datafield>
  <datafield tag="269" ind1=" " ind2=" ">
    <subfield code="a">1902</subfield>
  </datafield>
  <datafield tag="300" ind1=" " ind2=" ">
    <subfield code="a">1 map on 9 sheets</subfield>
    <subfield code="b">col.</subfield>
    <subfield code="c">sheets 61 x 68 cm, folded to 21 x 12 cm</subfield>
  </datafield>
  <datafield tag="336" ind1=" " ind2=" ">
    <subfield code="a">Map</subfield>
  </datafield>
  <datafield tag="500" ind1=" " ind2=" ">
    <subfield code="a">Relief shown by hachures.</subfield>
  </datafield>
  <datafield tag="500" ind1=" " ind2=" ">
    <subfield code="a">Includes preface and legend.</subfield>
  </datafield>
  <datafield tag="540" ind1=" " ind2=" ">
    <subfield code="a">Researchers may make free and open use of the UC Berkeley Library’s digitized public domain materials. However, some materials in our online collections may be protected by U.S. copyright law (Title 17, U.S.C.). Use or reproduction of materials protected by copyright beyond that allowed by fair use (Title 17, U.S.C. § 107) requires permission from the copyright owners. The use or reproduction of some materials may also be restricted by terms of University of California gift or purchase agreements, privacy and publicity rights, or trademark law. Responsibility for determining rights status and permissibility of any use or reproduction rests exclusively with the researcher. To learn more or make inquiries, please see our permissions policies (https://www.lib.berkeley.edu/about/permissions-policies).
</subfield>
  </datafield>
  <datafield tag="546" ind1=" " ind2=" ">
    <subfield code="a">In Japanese and English.</subfield>
  </datafield>
  <datafield tag="651" ind1=" " ind2=" ">
    <subfield code="a">Soviet Union -- Maps.</subfield>
  </datafield>
  <datafield tag="852" ind1=" " ind2=" ">
    <subfield code="c">East Asian Library</subfield>
  </datafield>
  <datafield tag="856" ind1="4" ind2="1">
    <subfield code="u">https://search.library.berkeley.edu/discovery/fulldisplay?context=L&amp;vid=01UCS_BER:UCB&amp;docid=alma991014520729706532</subfield>
    <subfield code="y">View library catalog record.</subfield>
  </datafield>
  <datafield tag="856" ind1="4" ind2=" ">
    <subfield code="y">Map 1</subfield>
    <subfield code="9">a4e6222d-fd52-4ba1-8abe-2af74f68fb83</subfield>
    <subfield code="s">9759680</subfield>
    <subfield code="u">https://digicoll.lib.berkeley.edu/record/56116/files/10010-jhm000847a.jpg</subfield>
  </datafield>
  <datafield tag="856" ind1="4" ind2=" ">
    <subfield code="y">Map 2</subfield>
    <subfield code="9">1a8e65e0-921d-4edb-b2a1-fc17d5834157</subfield>
    <subfield code="s">9637414</subfield>
    <subfield code="u">https://digicoll.lib.berkeley.edu/record/56116/files/10020-jhm000937a.jpg</subfield>
  </datafield>
  <datafield tag="856" ind1="4" ind2=" ">
    <subfield code="y">Map 3</subfield>
    <subfield code="9">1f25f4f6-1f65-4052-aacd-bde80facd71e</subfield>
    <subfield code="s">16539570</subfield>
    <subfield code="u">https://digicoll.lib.berkeley.edu/record/56116/files/10030-jhm000938a.jpg</subfield>
  </datafield>
  <datafield tag="856" ind1="4" ind2=" ">
    <subfield code="y">Map 4</subfield>
    <subfield code="9">ee9fcd9a-653e-40f8-875e-eb763ea422ba</subfield>
    <subfield code="s">17757753</subfield>
    <subfield code="u">https://digicoll.lib.berkeley.edu/record/56116/files/10040-jhm000939a.jpg</subfield>
  </datafield>
  <datafield tag="856" ind1="4" ind2=" ">
    <subfield code="y">Map 5</subfield>
    <subfield code="9">09537793-2a24-4f32-9de8-973f76c7a9f5</subfield>
    <subfield code="s">17474439</subfield>
    <subfield code="u">https://digicoll.lib.berkeley.edu/record/56116/files/10050-jhm000940a.jpg</subfield>
  </datafield>
  <datafield tag="856" ind1="4" ind2=" ">
    <subfield code="y">Map 6</subfield>
    <subfield code="9">39565cf7-4490-4654-b9a5-0c1caeaa1889</subfield>
    <subfield code="s">16858532</subfield>
    <subfield code="u">https://digicoll.lib.berkeley.edu/record/56116/files/10060-jhm000941a.jpg</subfield>
  </datafield>
  <datafield tag="856" ind1="4" ind2=" ">
    <subfield code="y">Map 7</subfield>
    <subfield code="9">b1dcec96-3b69-4a64-ad7d-a5e10489e789</subfield>
    <subfield code="s">14666661</subfield>
    <subfield code="u">https://digicoll.lib.berkeley.edu/record/56116/files/10070-jhm000942a.jpg</subfield>
  </datafield>
  <datafield tag="856" ind1="4" ind2=" ">
    <subfield code="y">Map 8</subfield>
    <subfield code="9">98c6978b-8b1c-4d1d-88c0-dccd2f9b4562</subfield>
    <subfield code="s">14418332</subfield>
    <subfield code="u">https://digicoll.lib.berkeley.edu/record/56116/files/10080-jhm000943a.jpg</subfield>
  </datafield>
  <datafield tag="856" ind1="4" ind2=" ">
    <subfield code="y">Map 9</subfield>
    <subfield code="9">c46f7cc8-e56c-4747-9d3e-74d39dd1384a</subfield>
    <subfield code="s">18084287</subfield>
    <subfield code="u">https://digicoll.lib.berkeley.edu/record/56116/files/10090-jhm000944a.jpg</subfield>
  </datafield>
  <datafield tag="856" ind1="4" ind2="1">
    <subfield code="u">https://guides.lib.berkeley.edu/subject-guide/JapaneseHistoricalMaps</subfield>
    <subfield code="y">View collection guide</subfield>
  </datafield>
  <datafield tag="880" ind1=" " ind2=" ">
    <subfield code="6">245-01</subfield>
    <subfield code="a">露國東方經營部面全圖</subfield>
  </datafield>
  <datafield tag="880" ind1=" " ind2=" ">
    <subfield code="6">246-02</subfield>
    <subfield code="a">露国東方経営部面全図</subfield>
  </datafield>
  <datafield tag="880" ind1=" " ind2=" ">
    <subfield code="6">260-03</subfield>
    <subfield code="a">東京</subfield>
    <subfield code="b">黒龍會</subfield>
    <subfield code="c">明治 35 [1902]</subfield>
  </datafield>
  <datafield tag="880" ind1=" " ind2=" ">
    <subfield code="6">653-04</subfield>
    <subfield code="a">ロシア</subfield>
    <subfield code="a">地図.</subfield>
  </datafield>
  <datafield tag="880" ind1=" " ind2=" ">
    <subfield code="6">653-05</subfield>
    <subfield code="a">アジア</subfield>
    <subfield code="a">地図.</subfield>
  </datafield>
  <datafield tag="901" ind1=" " ind2=" ">
    <subfield code="m">991014520729706532</subfield>
  </datafield>
  <datafield tag="902" ind1=" " ind2=" ">
    <subfield code="d">2022-01-03</subfield>
    <subfield code="n">YZ</subfield>
  </datafield>
  <datafield tag="903" ind1=" " ind2=" ">
    <subfield code="b">m</subfield>
  </datafield>
  <datafield tag="909" ind1="C" ind2="O">
    <subfield code="o">oai:digicoll.lib.berkeley.edu:56116</subfield>
    <subfield code="p">japanesehistoricalmaps</subfield>
    <subfield code="p">sfg</subfield>
    <subfield code="q">mcleanCalisphere_oai</subfield>
  </datafield>
  <datafield tag="980" ind1=" " ind2=" ">
    <subfield code="a">jpnmap</subfield>
  </datafield>
  <datafield tag="982" ind1=" " ind2=" ">
    <subfield code="a">Japanese Historical Maps</subfield>
    <subfield code="b">Japanese Historical Maps</subfield>
  </datafield>
</record>