
    <record>
  <controlfield tag="001">56553</controlfield>
  <controlfield tag="005">20250320172756.0</controlfield>
  <datafield tag="035" ind1=" " ind2=" ">
    <subfield code="a">(jpnmap)00488</subfield>
  </datafield>
  <datafield tag="041" ind1=" " ind2=" ">
    <subfield code="a">jpn</subfield>
  </datafield>
  <datafield tag="245" ind1=" " ind2=" ">
    <subfield code="6">880-02</subfield>
    <subfield code="a">Nara meisho ezu.</subfield>
  </datafield>
  <datafield tag="246" ind1=" " ind2=" ">
    <subfield code="a">ならめいしょえず</subfield>
  </datafield>
  <datafield tag="246" ind1=" " ind2=" ">
    <subfield code="a">奈良名所絵図</subfield>
  </datafield>
  <datafield tag="255" ind1=" " ind2=" ">
    <subfield code="a">Scale not given.</subfield>
  </datafield>
  <datafield tag="260" ind1=" " ind2=" ">
    <subfield code="6">880-03</subfield>
    <subfield code="a">Nara</subfield>
    <subfield code="b">Ezuya Shōhachi</subfield>
    <subfield code="c">[18--]</subfield>
  </datafield>
  <datafield tag="300" ind1=" " ind2=" ">
    <subfield code="a">1 map</subfield>
    <subfield code="c">25 x 41 cm, folded to 14 x 11 cm</subfield>
  </datafield>
  <datafield tag="336" ind1=" " ind2=" ">
    <subfield code="a">Map</subfield>
  </datafield>
  <datafield tag="500" ind1=" " ind2=" ">
    <subfield code="a">Woodblock print.</subfield>
  </datafield>
  <datafield tag="500" ind1=" " ind2=" ">
    <subfield code="a">Relief shown pictorially.</subfield>
  </datafield>
  <datafield tag="500" ind1=" " ind2=" ">
    <subfield code="a">Shows temples and shrines pictorially.</subfield>
  </datafield>
  <datafield tag="540" ind1=" " ind2=" ">
    <subfield code="a">Researchers may make free and open use of the UC Berkeley Library’s digitized public domain materials. However, some materials in our online collections may be protected by U.S. copyright law (Title 17, U.S.C.). Use or reproduction of materials protected by copyright beyond that allowed by fair use (Title 17, U.S.C. § 107) requires permission from the copyright owners. The use or reproduction of some materials may also be restricted by terms of University of California gift or purchase agreements, privacy and publicity rights, or trademark law. Responsibility for determining rights status and permissibility of any use or reproduction rests exclusively with the researcher. To learn more or make inquiries, please see our permissions policies (https://www.lib.berkeley.edu/about/permissions-policies).
</subfield>
  </datafield>
  <datafield tag="546" ind1=" " ind2=" ">
    <subfield code="a">In Japanese.</subfield>
  </datafield>
  <datafield tag="651" ind1=" " ind2=" ">
    <subfield code="a">Nagoya-shi (Japan) -- Maps.</subfield>
  </datafield>
  <datafield tag="651" ind1=" " ind2=" ">
    <subfield code="a">Japan -- Nagoya-shi.</subfield>
  </datafield>
  <datafield tag="655" ind1=" " ind2=" ">
    <subfield code="a">Tourist maps.</subfield>
    <subfield code="2">fast</subfield>
  </datafield>
  <datafield tag="655" ind1=" " ind2=" ">
    <subfield code="a">Maps.</subfield>
    <subfield code="2">fast</subfield>
  </datafield>
  <datafield tag="700" ind1="1" ind2=" ">
    <subfield code="6">880-01</subfield>
    <subfield code="a">Ezuya, Shōhachi.</subfield>
  </datafield>
  <datafield tag="852" ind1=" " ind2=" ">
    <subfield code="c">East Asian Library</subfield>
  </datafield>
  <datafield tag="856" ind1="4" ind2="1">
    <subfield code="u">https://search.library.berkeley.edu/discovery/fulldisplay?context=L&amp;vid=01UCS_BER:UCB&amp;docid=alma991015292779706532</subfield>
    <subfield code="y">View library catalog record.</subfield>
  </datafield>
  <datafield tag="856" ind1="4" ind2=" ">
    <subfield code="9">1cd486f2-b5e3-464a-9d6d-dd0d246e065b</subfield>
    <subfield code="s">5416743</subfield>
    <subfield code="u">https://digicoll.lib.berkeley.edu/record/56553/files/10010-jhm000404a.jpg</subfield>
  </datafield>
  <datafield tag="856" ind1="4" ind2="1">
    <subfield code="u">https://guides.lib.berkeley.edu/subject-guide/JapaneseHistoricalMaps</subfield>
    <subfield code="y">View collection guide</subfield>
  </datafield>
  <datafield tag="880" ind1="1" ind2=" ">
    <subfield code="6">700-01</subfield>
    <subfield code="a">絵図屋庄八.</subfield>
  </datafield>
  <datafield tag="880" ind1=" " ind2=" ">
    <subfield code="6">245-02</subfield>
    <subfield code="a">ならめい志よゑづ.</subfield>
  </datafield>
  <datafield tag="880" ind1=" " ind2=" ">
    <subfield code="6">260-03</subfield>
    <subfield code="a">奈良</subfield>
    <subfield code="b">絵図屋庄八</subfield>
    <subfield code="c">[18--]</subfield>
  </datafield>
  <datafield tag="880" ind1=" " ind2=" ">
    <subfield code="6">593-00</subfield>
    <subfield code="a">Library copy has "本居文庫"seal.</subfield>
    <subfield code="5">CU-EAST</subfield>
    <subfield code="9">LOCAL</subfield>
  </datafield>
  <datafield tag="901" ind1=" " ind2=" ">
    <subfield code="m">991015292779706532</subfield>
  </datafield>
  <datafield tag="902" ind1=" " ind2=" ">
    <subfield code="d">2022-01-03</subfield>
    <subfield code="n">YZ</subfield>
  </datafield>
  <datafield tag="903" ind1=" " ind2=" ">
    <subfield code="b">m</subfield>
  </datafield>
  <datafield tag="909" ind1="C" ind2="O">
    <subfield code="o">oai:digicoll.lib.berkeley.edu:56553</subfield>
    <subfield code="p">japanesehistoricalmaps</subfield>
    <subfield code="p">sfg</subfield>
    <subfield code="q">mcleanCalisphere_oai</subfield>
  </datafield>
  <datafield tag="980" ind1=" " ind2=" ">
    <subfield code="a">jpnmap</subfield>
  </datafield>
  <datafield tag="982" ind1=" " ind2=" ">
    <subfield code="a">Japanese Historical Maps</subfield>
    <subfield code="b">Japanese Historical Maps</subfield>
  </datafield>
</record>