
    <record>
  <controlfield tag="001">56665</controlfield>
  <controlfield tag="005">20250627133519.0</controlfield>
  <datafield tag="035" ind1=" " ind2=" ">
    <subfield code="a">(jpnmap)00600</subfield>
  </datafield>
  <datafield tag="041" ind1=" " ind2=" ">
    <subfield code="a">jpn</subfield>
  </datafield>
  <datafield tag="245" ind1=" " ind2=" ">
    <subfield code="6">880-02</subfield>
    <subfield code="a">Fuwanoseki zu</subfield>
  </datafield>
  <datafield tag="246" ind1=" " ind2=" ">
    <subfield code="a">不破関図</subfield>
  </datafield>
  <datafield tag="255" ind1=" " ind2=" ">
    <subfield code="a">Scale not given.</subfield>
  </datafield>
  <datafield tag="260" ind1=" " ind2=" ">
    <subfield code="6">880-03</subfield>
    <subfield code="a">Mino Fuwanoseki</subfield>
    <subfield code="b">Getsudō</subfield>
    <subfield code="c">[18--]</subfield>
  </datafield>
  <datafield tag="300" ind1=" " ind2=" ">
    <subfield code="a">1 map</subfield>
    <subfield code="c">30 x 41 cm, folded to 16 x 11 cm</subfield>
  </datafield>
  <datafield tag="336" ind1=" " ind2=" ">
    <subfield code="a">Map</subfield>
  </datafield>
  <datafield tag="500" ind1=" " ind2=" ">
    <subfield code="a">Wood block print.</subfield>
  </datafield>
  <datafield tag="500" ind1=" " ind2=" ">
    <subfield code="a">Title added by hand on verso of map.</subfield>
  </datafield>
  <datafield tag="500" ind1=" " ind2=" ">
    <subfield code="a">Oriented with north to the lower left.</subfield>
  </datafield>
  <datafield tag="500" ind1=" " ind2=" ">
    <subfield code="a">Relief shown pictorially.</subfield>
  </datafield>
  <datafield tag="500" ind1=" " ind2=" ">
    <subfield code="a">Includes Waka poems.</subfield>
  </datafield>
  <datafield tag="540" ind1=" " ind2=" ">
    <subfield code="a">Researchers may make free and open use of the UC Berkeley Library’s digitized public domain materials. However, some materials in our online collections may be protected by U.S. copyright law (Title 17, U.S.C.). Use or reproduction of materials protected by copyright beyond that allowed by fair use (Title 17, U.S.C. § 107) requires permission from the copyright owners. The use or reproduction of some materials may also be restricted by terms of University of California gift or purchase agreements, privacy and publicity rights, or trademark law. Responsibility for determining rights status and permissibility of any use or reproduction rests exclusively with the researcher. To learn more or make inquiries, please see our permissions policies (https://www.lib.berkeley.edu/about/permissions-policies).
</subfield>
  </datafield>
  <datafield tag="546" ind1=" " ind2=" ">
    <subfield code="a">In Japanese.</subfield>
  </datafield>
  <datafield tag="651" ind1=" " ind2=" ">
    <subfield code="a">Sekigahara-chō (Japan) -- Maps.</subfield>
  </datafield>
  <datafield tag="651" ind1=" " ind2=" ">
    <subfield code="a">Japan -- Sekigahara-chō.</subfield>
  </datafield>
  <datafield tag="655" ind1=" " ind2=" ">
    <subfield code="a">Maps.</subfield>
    <subfield code="2">fast</subfield>
  </datafield>
  <datafield tag="700" ind1="1" ind2=" ">
    <subfield code="6">880-01</subfield>
    <subfield code="a">Ōzan.</subfield>
  </datafield>
  <datafield tag="710" ind1="2" ind2=" ">
    <subfield code="6">880-06</subfield>
    <subfield code="a">Getsudō.</subfield>
  </datafield>
  <datafield tag="852" ind1=" " ind2=" ">
    <subfield code="c">East Asian Library</subfield>
  </datafield>
  <datafield tag="856" ind1="4" ind2="1">
    <subfield code="u">https://search.library.berkeley.edu/discovery/fulldisplay?context=L&amp;vid=01UCS_BER:UCB&amp;docid=alma991014314079706532</subfield>
    <subfield code="y">View library catalog record.</subfield>
  </datafield>
  <datafield tag="856" ind1="4" ind2=" ">
    <subfield code="9">645e732c-6edb-4022-bd04-f8f2ef9f06e7</subfield>
    <subfield code="s">7902857</subfield>
    <subfield code="u">https://digicoll.lib.berkeley.edu/record/56665/files/10010-jhm000598a.jpg</subfield>
  </datafield>
  <datafield tag="856" ind1="4" ind2="1">
    <subfield code="u">https://guides.lib.berkeley.edu/subject-guide/JapaneseHistoricalMaps</subfield>
    <subfield code="y">View collection guide</subfield>
  </datafield>
  <datafield tag="856" ind1="4" ind2=" ">
    <subfield code="y">Verso</subfield>
    <subfield code="9">ea5bcbdc-b2ef-4b67-95ef-53ed7a23f8f7</subfield>
    <subfield code="s">494992</subfield>
    <subfield code="u">https://digicoll.lib.berkeley.edu/record/56665/files/991014314079706532_001.jpg</subfield>
  </datafield>
  <datafield tag="880" ind1="1" ind2=" ">
    <subfield code="6">700-01</subfield>
    <subfield code="a">應山.</subfield>
  </datafield>
  <datafield tag="880" ind1=" " ind2=" ">
    <subfield code="6">245-02</subfield>
    <subfield code="a">不破関圖</subfield>
  </datafield>
  <datafield tag="880" ind1=" " ind2=" ">
    <subfield code="6">260-03</subfield>
    <subfield code="a">美濃不破關</subfield>
    <subfield code="b">月堂</subfield>
    <subfield code="c">[18--]</subfield>
  </datafield>
  <datafield tag="880" ind1=" " ind2=" ">
    <subfield code="6">593-04</subfield>
    <subfield code="a">Library copy has "本居文庫 "seal.</subfield>
    <subfield code="5">CU-EAST</subfield>
    <subfield code="9">LOCAL</subfield>
  </datafield>
  <datafield tag="880" ind1=" " ind2=" ">
    <subfield code="6">651-05</subfield>
    <subfield code="a">Japan -- 関ケ原町.</subfield>
  </datafield>
  <datafield tag="880" ind1="2" ind2=" ">
    <subfield code="6">710-06</subfield>
    <subfield code="a">月堂.</subfield>
  </datafield>
  <datafield tag="901" ind1=" " ind2=" ">
    <subfield code="m">991014314079706532</subfield>
  </datafield>
  <datafield tag="902" ind1=" " ind2=" ">
    <subfield code="d">2022-01-03</subfield>
    <subfield code="n">YZ</subfield>
  </datafield>
  <datafield tag="903" ind1=" " ind2=" ">
    <subfield code="b">m</subfield>
  </datafield>
  <datafield tag="909" ind1="C" ind2="O">
    <subfield code="o">oai:digicoll.lib.berkeley.edu:56665</subfield>
    <subfield code="p">japanesehistoricalmaps</subfield>
    <subfield code="p">sfg</subfield>
    <subfield code="q">mcleanCalisphere_oai</subfield>
  </datafield>
  <datafield tag="951" ind1=" " ind2=" ">
    <subfield code="a">ark:/13030/m58h9xff</subfield>
    <subfield code="b">Merritt</subfield>
  </datafield>
  <datafield tag="980" ind1=" " ind2=" ">
    <subfield code="a">jpnmap</subfield>
  </datafield>
  <datafield tag="982" ind1=" " ind2=" ">
    <subfield code="a">Japanese Historical Maps</subfield>
    <subfield code="b">Japanese Historical Maps</subfield>
  </datafield>
</record>