
    <record>
  <controlfield tag="001">56683</controlfield>
  <controlfield tag="005">20250320172812.0</controlfield>
  <datafield tag="035" ind1=" " ind2=" ">
    <subfield code="a">(jpnmap)00618</subfield>
  </datafield>
  <datafield tag="041" ind1=" " ind2=" ">
    <subfield code="a">jpn</subfield>
  </datafield>
  <datafield tag="245" ind1=" " ind2=" ">
    <subfield code="6">880-02</subfield>
    <subfield code="a">Tōkyō Takanawa Banshōyama Sengaku Zendera ryakuzu</subfield>
  </datafield>
  <datafield tag="246" ind1=" " ind2=" ">
    <subfield code="a">東京高輪万松山泉岳禅寺略[図]</subfield>
  </datafield>
  <datafield tag="246" ind1=" " ind2=" ">
    <subfield code="6">880-03</subfield>
    <subfield code="a">Gishi no haka ryakuzu</subfield>
  </datafield>
  <datafield tag="255" ind1=" " ind2=" ">
    <subfield code="a">Scale not given.</subfield>
  </datafield>
  <datafield tag="260" ind1=" " ind2=" ">
    <subfield code="6">880-04</subfield>
    <subfield code="a">[Tōkyō]</subfield>
    <subfield code="b">Watanabe Taizen</subfield>
    <subfield code="c">Meiji 18 [1885]</subfield>
  </datafield>
  <datafield tag="269" ind1=" " ind2=" ">
    <subfield code="a">1885</subfield>
  </datafield>
  <datafield tag="300" ind1=" " ind2=" ">
    <subfield code="a">1 map</subfield>
    <subfield code="c">29 x 21 cm, on sheet 37 x 50 cm</subfield>
  </datafield>
  <datafield tag="336" ind1=" " ind2=" ">
    <subfield code="a">Map</subfield>
  </datafield>
  <datafield tag="500" ind1=" " ind2=" ">
    <subfield code="6">880-05</subfield>
    <subfield code="a">On envelope: "Meiji jūhachinen gogatsu kaisei", "Kyōchi ryakuzu", "Tōkyō Shibatakanawa", "Watanabe-shi zōhan".</subfield>
  </datafield>
  <datafield tag="500" ind1=" " ind2=" ">
    <subfield code="a">Bird's-eye view.</subfield>
  </datafield>
  <datafield tag="500" ind1=" " ind2=" ">
    <subfield code="a">Shows the cemetery.</subfield>
  </datafield>
  <datafield tag="540" ind1=" " ind2=" ">
    <subfield code="a">Researchers may make free and open use of the UC Berkeley Library’s digitized public domain materials. However, some materials in our online collections may be protected by U.S. copyright law (Title 17, U.S.C.). Use or reproduction of materials protected by copyright beyond that allowed by fair use (Title 17, U.S.C. § 107) requires permission from the copyright owners. The use or reproduction of some materials may also be restricted by terms of University of California gift or purchase agreements, privacy and publicity rights, or trademark law. Responsibility for determining rights status and permissibility of any use or reproduction rests exclusively with the researcher. To learn more or make inquiries, please see our permissions policies (https://www.lib.berkeley.edu/about/permissions-policies).
</subfield>
  </datafield>
  <datafield tag="546" ind1=" " ind2=" ">
    <subfield code="a">In Japanese.</subfield>
  </datafield>
  <datafield tag="651" ind1=" " ind2=" ">
    <subfield code="a">Sengakuji (Tokyo, Japan) -- Maps.</subfield>
  </datafield>
  <datafield tag="655" ind1=" " ind2=" ">
    <subfield code="a">Maps.</subfield>
    <subfield code="2">fast</subfield>
  </datafield>
  <datafield tag="700" ind1="1" ind2=" ">
    <subfield code="6">880-01</subfield>
    <subfield code="a">Watanabe, Taizen.</subfield>
  </datafield>
  <datafield tag="852" ind1=" " ind2=" ">
    <subfield code="c">East Asian Library</subfield>
  </datafield>
  <datafield tag="856" ind1="4" ind2="1">
    <subfield code="u">https://search.library.berkeley.edu/discovery/fulldisplay?context=L&amp;vid=01UCS_BER:UCB&amp;docid=alma991015268199706532</subfield>
    <subfield code="y">View library catalog record.</subfield>
  </datafield>
  <datafield tag="856" ind1="4" ind2=" ">
    <subfield code="9">86de7586-49f0-41d8-bbef-92456194823b</subfield>
    <subfield code="s">7330147</subfield>
    <subfield code="u">https://digicoll.lib.berkeley.edu/record/56683/files/10010-jhm000548a.jpg</subfield>
  </datafield>
  <datafield tag="856" ind1="4" ind2="1">
    <subfield code="u">https://guides.lib.berkeley.edu/subject-guide/JapaneseHistoricalMaps</subfield>
    <subfield code="y">View collection guide</subfield>
  </datafield>
  <datafield tag="880" ind1="1" ind2=" ">
    <subfield code="6">700-01</subfield>
    <subfield code="a">渡邉泰然.</subfield>
  </datafield>
  <datafield tag="880" ind1=" " ind2=" ">
    <subfield code="6">245-02</subfield>
    <subfield code="a">東京高輪萬松山泉岳禪寺略[図]</subfield>
  </datafield>
  <datafield tag="880" ind1=" " ind2=" ">
    <subfield code="6">246-03</subfield>
    <subfield code="a">義士墓畧圖</subfield>
  </datafield>
  <datafield tag="880" ind1=" " ind2=" ">
    <subfield code="6">260-04</subfield>
    <subfield code="a">[東京]</subfield>
    <subfield code="b">渡邉泰然</subfield>
    <subfield code="c">明治 18 [1885]</subfield>
  </datafield>
  <datafield tag="880" ind1=" " ind2=" ">
    <subfield code="6">500-05</subfield>
    <subfield code="a">On envelope: "明治十八年五月改正", "境地畧圖", "東京芝高輪", "渡邉氏藏版".</subfield>
  </datafield>
  <datafield tag="880" ind1=" " ind2=" ">
    <subfield code="6">593-06</subfield>
    <subfield code="a">Library copy has "しんまちみついけ"and rabbit image seals.</subfield>
    <subfield code="5">CU-EAST</subfield>
    <subfield code="9">LOCAL</subfield>
  </datafield>
  <datafield tag="880" ind1=" " ind2=" ">
    <subfield code="6">651-07</subfield>
    <subfield code="a">泉岳寺 (東京, Japan) -- Maps.</subfield>
  </datafield>
  <datafield tag="880" ind1=" " ind2=" ">
    <subfield code="6">500-00</subfield>
    <subfield code="a">The last character in title [図] not available in MS-IME; consists of 囗(outside) and ロ (inside above), 十 (inside middle),  囬 (inside below).</subfield>
  </datafield>
  <datafield tag="901" ind1=" " ind2=" ">
    <subfield code="m">991015268199706532</subfield>
  </datafield>
  <datafield tag="902" ind1=" " ind2=" ">
    <subfield code="d">2022-01-03</subfield>
    <subfield code="n">YZ</subfield>
  </datafield>
  <datafield tag="903" ind1=" " ind2=" ">
    <subfield code="b">m</subfield>
  </datafield>
  <datafield tag="909" ind1="C" ind2="O">
    <subfield code="o">oai:digicoll.lib.berkeley.edu:56683</subfield>
    <subfield code="p">japanesehistoricalmaps</subfield>
    <subfield code="p">sfg</subfield>
    <subfield code="q">mcleanCalisphere_oai</subfield>
  </datafield>
  <datafield tag="980" ind1=" " ind2=" ">
    <subfield code="a">jpnmap</subfield>
  </datafield>
  <datafield tag="982" ind1=" " ind2=" ">
    <subfield code="a">Japanese Historical Maps</subfield>
    <subfield code="b">Japanese Historical Maps</subfield>
  </datafield>
</record>