
    <record>
  <controlfield tag="001">56685</controlfield>
  <controlfield tag="005">20250320172812.0</controlfield>
  <datafield tag="035" ind1=" " ind2=" ">
    <subfield code="a">(jpnmap)00620</subfield>
  </datafield>
  <datafield tag="041" ind1=" " ind2=" ">
    <subfield code="a">jpn</subfield>
  </datafield>
  <datafield tag="245" ind1=" " ind2=" ">
    <subfield code="6">880-02</subfield>
    <subfield code="a">Kyōto Kitayama Kinkakuji zenzu</subfield>
    <subfield code="b">Kinkakuji Kitayama Kyoto Japan.</subfield>
  </datafield>
  <datafield tag="246" ind1=" " ind2=" ">
    <subfield code="a">Kinkakuji Kitayama Kyoto Japan</subfield>
  </datafield>
  <datafield tag="246" ind1=" " ind2=" ">
    <subfield code="6">880-03</subfield>
    <subfield code="a">Kyōto Kinkakuji zenzu</subfield>
  </datafield>
  <datafield tag="255" ind1=" " ind2=" ">
    <subfield code="a">Scale not given.</subfield>
  </datafield>
  <datafield tag="260" ind1=" " ind2=" ">
    <subfield code="6">880-04</subfield>
    <subfield code="a">[Kyoto]</subfield>
    <subfield code="b">Kinkakuji zōhan</subfield>
    <subfield code="c">Meiji 28 [1895]</subfield>
  </datafield>
  <datafield tag="269" ind1=" " ind2=" ">
    <subfield code="a">1895</subfield>
  </datafield>
  <datafield tag="300" ind1=" " ind2=" ">
    <subfield code="a">1 map</subfield>
    <subfield code="c">32 x 46 cm, folded in envelope 20 x 14 cm</subfield>
  </datafield>
  <datafield tag="336" ind1=" " ind2=" ">
    <subfield code="a">Map</subfield>
  </datafield>
  <datafield tag="500" ind1=" " ind2=" ">
    <subfield code="a">Bird's-eye view.</subfield>
  </datafield>
  <datafield tag="500" ind1=" " ind2=" ">
    <subfield code="6">880-05</subfield>
    <subfield code="a">Includes historical text: Kinkaku ryakuki.</subfield>
  </datafield>
  <datafield tag="540" ind1=" " ind2=" ">
    <subfield code="a">Researchers may make free and open use of the UC Berkeley Library’s digitized public domain materials. However, some materials in our online collections may be protected by U.S. copyright law (Title 17, U.S.C.). Use or reproduction of materials protected by copyright beyond that allowed by fair use (Title 17, U.S.C. § 107) requires permission from the copyright owners. The use or reproduction of some materials may also be restricted by terms of University of California gift or purchase agreements, privacy and publicity rights, or trademark law. Responsibility for determining rights status and permissibility of any use or reproduction rests exclusively with the researcher. To learn more or make inquiries, please see our permissions policies (https://www.lib.berkeley.edu/about/permissions-policies).
</subfield>
  </datafield>
  <datafield tag="546" ind1=" " ind2=" ">
    <subfield code="a">In Japanese.</subfield>
  </datafield>
  <datafield tag="610" ind1=" " ind2=" ">
    <subfield code="a">Rokuonji (Kyoto, Japan) -- Maps.</subfield>
  </datafield>
  <datafield tag="700" ind1="1" ind2=" ">
    <subfield code="6">880-01</subfield>
    <subfield code="a">Shimotori, Haryō.</subfield>
  </datafield>
  <datafield tag="710" ind1="2" ind2=" ">
    <subfield code="6">880-07</subfield>
    <subfield code="a">Rokuonji (Kyoto, Japan)</subfield>
  </datafield>
  <datafield tag="852" ind1=" " ind2=" ">
    <subfield code="c">East Asian Library</subfield>
  </datafield>
  <datafield tag="856" ind1="4" ind2="1">
    <subfield code="u">https://search.library.berkeley.edu/discovery/fulldisplay?context=L&amp;vid=01UCS_BER:UCB&amp;docid=alma991015267629706532</subfield>
    <subfield code="y">View library catalog record.</subfield>
  </datafield>
  <datafield tag="856" ind1="4" ind2=" ">
    <subfield code="9">d4d615af-4ae0-4dbd-ac0b-5d2e6d218c8e</subfield>
    <subfield code="s">10122363</subfield>
    <subfield code="u">https://digicoll.lib.berkeley.edu/record/56685/files/10010-jhm000551a.jpg</subfield>
  </datafield>
  <datafield tag="856" ind1="4" ind2="1">
    <subfield code="u">https://guides.lib.berkeley.edu/subject-guide/JapaneseHistoricalMaps</subfield>
    <subfield code="y">View collection guide</subfield>
  </datafield>
  <datafield tag="880" ind1="1" ind2=" ">
    <subfield code="6">700-01</subfield>
    <subfield code="a">霜鳥巴凌.</subfield>
  </datafield>
  <datafield tag="880" ind1=" " ind2=" ">
    <subfield code="6">245-02</subfield>
    <subfield code="a">京都北山金閣寺全[図]</subfield>
    <subfield code="b">Kinkakuji Kitayama Kyoto Japan</subfield>
  </datafield>
  <datafield tag="880" ind1=" " ind2=" ">
    <subfield code="6">246-03</subfield>
    <subfield code="a">京都金閣寺全[図]</subfield>
  </datafield>
  <datafield tag="880" ind1=" " ind2=" ">
    <subfield code="6">260-04</subfield>
    <subfield code="a">[京都]</subfield>
    <subfield code="b">金閣寺藏版</subfield>
    <subfield code="c">明治28 [1895]</subfield>
  </datafield>
  <datafield tag="880" ind1=" " ind2=" ">
    <subfield code="6">500-05</subfield>
    <subfield code="a">Includes historical text: 金閣畧記.</subfield>
  </datafield>
  <datafield tag="880" ind1=" " ind2=" ">
    <subfield code="6">610-06</subfield>
    <subfield code="a">鹿苑寺 (Kyoto, Japan) -- Maps.</subfield>
  </datafield>
  <datafield tag="880" ind1="2" ind2=" ">
    <subfield code="6">710-07</subfield>
    <subfield code="a">鹿苑寺 (Kyoto, Japan).</subfield>
  </datafield>
  <datafield tag="880" ind1=" " ind2=" ">
    <subfield code="6">500-00</subfield>
    <subfield code="a">The last character in title [図] not available in MS-IME; consists of 囗(outside) and ム (inside above), 而 (inside below).</subfield>
  </datafield>
  <datafield tag="880" ind1=" " ind2=" ">
    <subfield code="6">500-00</subfield>
    <subfield code="a">The last character in title on envelope [図] not available in MS-IME; consists of 囗(outside) and ム (inside above), 面 (inside below).</subfield>
  </datafield>
  <datafield tag="901" ind1=" " ind2=" ">
    <subfield code="m">991015267629706532</subfield>
  </datafield>
  <datafield tag="902" ind1=" " ind2=" ">
    <subfield code="d">2022-01-03</subfield>
    <subfield code="n">YZ</subfield>
  </datafield>
  <datafield tag="903" ind1=" " ind2=" ">
    <subfield code="b">m</subfield>
  </datafield>
  <datafield tag="909" ind1="C" ind2="O">
    <subfield code="o">oai:digicoll.lib.berkeley.edu:56685</subfield>
    <subfield code="p">japanesehistoricalmaps</subfield>
    <subfield code="p">sfg</subfield>
    <subfield code="q">mcleanCalisphere_oai</subfield>
  </datafield>
  <datafield tag="980" ind1=" " ind2=" ">
    <subfield code="a">jpnmap</subfield>
  </datafield>
  <datafield tag="982" ind1=" " ind2=" ">
    <subfield code="a">Japanese Historical Maps</subfield>
    <subfield code="b">Japanese Historical Maps</subfield>
  </datafield>
</record>