
    <record>
  <controlfield tag="001">56689</controlfield>
  <controlfield tag="005">20250320172813.0</controlfield>
  <datafield tag="035" ind1=" " ind2=" ">
    <subfield code="a">(jpnmap)00624</subfield>
  </datafield>
  <datafield tag="041" ind1=" " ind2=" ">
    <subfield code="a">jpn</subfield>
  </datafield>
  <datafield tag="245" ind1=" " ind2=" ">
    <subfield code="6">880-02</subfield>
    <subfield code="a">Mogami sanjūsan fudasho jinja bukkaku jundō meisho kyūseki Okinazuka ryakuzu.</subfield>
  </datafield>
  <datafield tag="246" ind1=" " ind2=" ">
    <subfield code="a">最上三十三札所神社佛閣順道名所旧跡翁塚略図</subfield>
  </datafield>
  <datafield tag="255" ind1=" " ind2=" ">
    <subfield code="a">Scale not given.</subfield>
  </datafield>
  <datafield tag="260" ind1=" " ind2=" ">
    <subfield code="6">880-03</subfield>
    <subfield code="a">Ushū Mogami</subfield>
    <subfield code="b">Soekawa Ichinojō</subfield>
    <subfield code="c">[17--]</subfield>
  </datafield>
  <datafield tag="300" ind1=" " ind2=" ">
    <subfield code="a">1 map</subfield>
    <subfield code="c">31 x 41 cm, folded in cover 23 x 16 cm</subfield>
  </datafield>
  <datafield tag="336" ind1=" " ind2=" ">
    <subfield code="a">Map</subfield>
  </datafield>
  <datafield tag="500" ind1=" " ind2=" ">
    <subfield code="a">Wood block print.</subfield>
  </datafield>
  <datafield tag="500" ind1=" " ind2=" ">
    <subfield code="a">Oriented with north to the left.</subfield>
  </datafield>
  <datafield tag="500" ind1=" " ind2=" ">
    <subfield code="a">Relief shown pictorially.</subfield>
  </datafield>
  <datafield tag="500" ind1=" " ind2=" ">
    <subfield code="a">Includes haiku and waka poems.</subfield>
  </datafield>
  <datafield tag="540" ind1=" " ind2=" ">
    <subfield code="a">Researchers may make free and open use of the UC Berkeley Library’s digitized public domain materials. However, some materials in our online collections may be protected by U.S. copyright law (Title 17, U.S.C.). Use or reproduction of materials protected by copyright beyond that allowed by fair use (Title 17, U.S.C. § 107) requires permission from the copyright owners. The use or reproduction of some materials may also be restricted by terms of University of California gift or purchase agreements, privacy and publicity rights, or trademark law. Responsibility for determining rights status and permissibility of any use or reproduction rests exclusively with the researcher. To learn more or make inquiries, please see our permissions policies (https://www.lib.berkeley.edu/about/permissions-policies).
</subfield>
  </datafield>
  <datafield tag="546" ind1=" " ind2=" ">
    <subfield code="a">In Japanese.</subfield>
  </datafield>
  <datafield tag="650" ind1=" " ind2=" ">
    <subfield code="a">Pilgrims and pilgrimages -- Japan -- Yamagata-ken -- Maps.</subfield>
  </datafield>
  <datafield tag="650" ind1=" " ind2=" ">
    <subfield code="a">Pilgrims and pilgrimages.</subfield>
  </datafield>
  <datafield tag="650" ind1=" " ind2=" ">
    <subfield code="a">Tourist maps.</subfield>
  </datafield>
  <datafield tag="651" ind1=" " ind2=" ">
    <subfield code="a">Yamagata-ken (Japan) -- Maps -- To 1800.</subfield>
  </datafield>
  <datafield tag="651" ind1=" " ind2=" ">
    <subfield code="a">Japan -- Yamagata-ken.</subfield>
  </datafield>
  <datafield tag="655" ind1=" " ind2=" ">
    <subfield code="a">Maps.</subfield>
    <subfield code="2">fast</subfield>
  </datafield>
  <datafield tag="700" ind1="1" ind2=" ">
    <subfield code="6">880-01</subfield>
    <subfield code="a">Soekawa, Ichinojō.</subfield>
  </datafield>
  <datafield tag="852" ind1=" " ind2=" ">
    <subfield code="c">East Asian Library</subfield>
  </datafield>
  <datafield tag="856" ind1="4" ind2="1">
    <subfield code="u">https://search.library.berkeley.edu/discovery/fulldisplay?context=L&amp;vid=01UCS_BER:UCB&amp;docid=alma991014455789706532</subfield>
    <subfield code="y">View library catalog record.</subfield>
  </datafield>
  <datafield tag="856" ind1="4" ind2=" ">
    <subfield code="9">d861608a-8c53-4fa2-bf2f-d2d669f84642</subfield>
    <subfield code="s">5568397</subfield>
    <subfield code="u">https://digicoll.lib.berkeley.edu/record/56689/files/10010-jhm000556a.jpg</subfield>
  </datafield>
  <datafield tag="856" ind1="4" ind2="1">
    <subfield code="u">https://guides.lib.berkeley.edu/subject-guide/JapaneseHistoricalMaps</subfield>
    <subfield code="y">View collection guide</subfield>
  </datafield>
  <datafield tag="880" ind1="1" ind2=" ">
    <subfield code="6">700-01</subfield>
    <subfield code="a">添川市之丞.</subfield>
  </datafield>
  <datafield tag="880" ind1=" " ind2=" ">
    <subfield code="6">245-02</subfield>
    <subfield code="a">㝡上三十三札所神社佛閣順道名所旧迹翁塚畧[図].</subfield>
  </datafield>
  <datafield tag="880" ind1=" " ind2=" ">
    <subfield code="6">260-03</subfield>
    <subfield code="a">羽刕㝡上</subfield>
    <subfield code="b">添川市之丞</subfield>
    <subfield code="c">[17--]</subfield>
  </datafield>
  <datafield tag="880" ind1=" " ind2=" ">
    <subfield code="6">593-04</subfield>
    <subfield code="a">Library copy has "しんまちみついけ" and rabbit image seals.</subfield>
    <subfield code="5">CU-EAST</subfield>
    <subfield code="9">LOCAL</subfield>
  </datafield>
  <datafield tag="880" ind1=" " ind2=" ">
    <subfield code="6">651-05</subfield>
    <subfield code="a">日本 -- 山形県.</subfield>
  </datafield>
  <datafield tag="901" ind1=" " ind2=" ">
    <subfield code="m">991014455789706532</subfield>
  </datafield>
  <datafield tag="902" ind1=" " ind2=" ">
    <subfield code="d">2022-01-03</subfield>
    <subfield code="n">YZ</subfield>
  </datafield>
  <datafield tag="903" ind1=" " ind2=" ">
    <subfield code="b">m</subfield>
  </datafield>
  <datafield tag="909" ind1="C" ind2="O">
    <subfield code="o">oai:digicoll.lib.berkeley.edu:56689</subfield>
    <subfield code="p">japanesehistoricalmaps</subfield>
    <subfield code="p">sfg</subfield>
    <subfield code="q">mcleanCalisphere_oai</subfield>
  </datafield>
  <datafield tag="980" ind1=" " ind2=" ">
    <subfield code="a">jpnmap</subfield>
  </datafield>
  <datafield tag="982" ind1=" " ind2=" ">
    <subfield code="a">Japanese Historical Maps</subfield>
    <subfield code="b">Japanese Historical Maps</subfield>
  </datafield>
</record>