
    <record>
  <controlfield tag="001">56693</controlfield>
  <controlfield tag="005">20250320172813.0</controlfield>
  <datafield tag="035" ind1=" " ind2=" ">
    <subfield code="a">(jpnmap)00628</subfield>
  </datafield>
  <datafield tag="041" ind1=" " ind2=" ">
    <subfield code="a">jpn</subfield>
  </datafield>
  <datafield tag="245" ind1=" " ind2=" ">
    <subfield code="6">880-02</subfield>
    <subfield code="a">Seiseki zushi</subfield>
    <subfield code="b">jindai narabini shokoku no bu.</subfield>
    <subfield code="p">kami</subfield>
  </datafield>
  <datafield tag="246" ind1=" " ind2=" ">
    <subfield code="6">880-03</subfield>
    <subfield code="a">Seiseki zushi :  jindai narabini shokoku no bu.  kami</subfield>
  </datafield>
  <datafield tag="255" ind1=" " ind2=" ">
    <subfield code="a">Scale not given.</subfield>
  </datafield>
  <datafield tag="260" ind1=" " ind2=" ">
    <subfield code="a">[Japan]</subfield>
    <subfield code="b">[publisher not identified]</subfield>
    <subfield code="c">[18--]</subfield>
  </datafield>
  <datafield tag="300" ind1=" " ind2=" ">
    <subfield code="a">1 atlas (17 pages)</subfield>
    <subfield code="b">maps</subfield>
    <subfield code="c">22 cm</subfield>
  </datafield>
  <datafield tag="336" ind1=" " ind2=" ">
    <subfield code="a">Map</subfield>
  </datafield>
  <datafield tag="500" ind1=" " ind2=" ">
    <subfield code="a">Copperplate print.</subfield>
  </datafield>
  <datafield tag="500" ind1=" " ind2=" ">
    <subfield code="a">Orientation varies.</subfield>
  </datafield>
  <datafield tag="500" ind1=" " ind2=" ">
    <subfield code="6">880-04</subfield>
    <subfield code="a">Hand-written in Tobira "Shin dai san ryō".</subfield>
  </datafield>
  <datafield tag="500" ind1=" " ind2=" ">
    <subfield code="6">880-05</subfield>
    <subfield code="a">Written by Hiratsuka Hyōsai.</subfield>
  </datafield>
  <datafield tag="500" ind1=" " ind2=" ">
    <subfield code="a">Title from title slip on cover.</subfield>
  </datafield>
  <datafield tag="540" ind1=" " ind2=" ">
    <subfield code="a">Researchers may make free and open use of the UC Berkeley Library’s digitized public domain materials. However, some materials in our online collections may be protected by U.S. copyright law (Title 17, U.S.C.). Use or reproduction of materials protected by copyright beyond that allowed by fair use (Title 17, U.S.C. § 107) requires permission from the copyright owners. The use or reproduction of some materials may also be restricted by terms of University of California gift or purchase agreements, privacy and publicity rights, or trademark law. Responsibility for determining rights status and permissibility of any use or reproduction rests exclusively with the researcher. To learn more or make inquiries, please see our permissions policies (https://www.lib.berkeley.edu/about/permissions-policies).
</subfield>
  </datafield>
  <datafield tag="650" ind1=" " ind2=" ">
    <subfield code="a">Historical geography.</subfield>
  </datafield>
  <datafield tag="651" ind1=" " ind2=" ">
    <subfield code="a">Kinki Region (Japan) -- Historical geography -- Maps.</subfield>
  </datafield>
  <datafield tag="651" ind1=" " ind2=" ">
    <subfield code="a">Kyūshū Region (Japan) -- Historical geography -- Maps.</subfield>
  </datafield>
  <datafield tag="651" ind1=" " ind2=" ">
    <subfield code="a">Japan -- Kinki Region.</subfield>
  </datafield>
  <datafield tag="651" ind1=" " ind2=" ">
    <subfield code="a">Japan -- Kyūshū Region.</subfield>
  </datafield>
  <datafield tag="655" ind1=" " ind2=" ">
    <subfield code="a">Maps.</subfield>
    <subfield code="2">fast</subfield>
  </datafield>
  <datafield tag="700" ind1="1" ind2=" ">
    <subfield code="6">880-01</subfield>
    <subfield code="a">Matsuda, Ryokuzan,  active 19th century.</subfield>
  </datafield>
  <datafield tag="700" ind1="1" ind2=" ">
    <subfield code="6">880-07</subfield>
    <subfield code="a">Hiratsuka, Hyōsai.</subfield>
  </datafield>
  <datafield tag="852" ind1=" " ind2=" ">
    <subfield code="c">East Asian Library</subfield>
  </datafield>
  <datafield tag="856" ind1="4" ind2="1">
    <subfield code="u">https://search.library.berkeley.edu/discovery/fulldisplay?context=L&amp;vid=01UCS_BER:UCB&amp;docid=alma991014455659706532</subfield>
    <subfield code="y">View library catalog record.</subfield>
  </datafield>
  <datafield tag="856" ind1="4" ind2=" ">
    <subfield code="y">Map 1</subfield>
    <subfield code="9">a82f26c4-d0c1-4f94-b341-c1378b51a2cd</subfield>
    <subfield code="s">6744425</subfield>
    <subfield code="u">https://digicoll.lib.berkeley.edu/record/56693/files/10010-jhm000560a.jpg</subfield>
  </datafield>
  <datafield tag="856" ind1="4" ind2=" ">
    <subfield code="y">Map 2</subfield>
    <subfield code="9">ef07f198-5cf0-46e0-9296-94ad189ad554</subfield>
    <subfield code="s">6907062</subfield>
    <subfield code="u">https://digicoll.lib.berkeley.edu/record/56693/files/10020-jhm000561a.jpg</subfield>
  </datafield>
  <datafield tag="856" ind1="4" ind2=" ">
    <subfield code="y">Map 3</subfield>
    <subfield code="9">871cd662-31ab-41a4-a89e-a1c900413b63</subfield>
    <subfield code="s">6896002</subfield>
    <subfield code="u">https://digicoll.lib.berkeley.edu/record/56693/files/10030-jhm000562a.jpg</subfield>
  </datafield>
  <datafield tag="856" ind1="4" ind2=" ">
    <subfield code="y">Map 4</subfield>
    <subfield code="9">43bbb4a0-fa08-4b93-96ce-dfd38643a7b2</subfield>
    <subfield code="s">6450631</subfield>
    <subfield code="u">https://digicoll.lib.berkeley.edu/record/56693/files/10040-jhm000563a.jpg</subfield>
  </datafield>
  <datafield tag="856" ind1="4" ind2=" ">
    <subfield code="y">Map 5</subfield>
    <subfield code="9">2288cd37-00ec-4ae2-8a52-c104fc28c414</subfield>
    <subfield code="s">6724790</subfield>
    <subfield code="u">https://digicoll.lib.berkeley.edu/record/56693/files/10050-jhm000564a.jpg</subfield>
  </datafield>
  <datafield tag="856" ind1="4" ind2=" ">
    <subfield code="y">Map 6</subfield>
    <subfield code="9">edee0270-4e2a-428e-95d6-5eecb3ee7c54</subfield>
    <subfield code="s">6679697</subfield>
    <subfield code="u">https://digicoll.lib.berkeley.edu/record/56693/files/10060-jhm000565a.jpg</subfield>
  </datafield>
  <datafield tag="856" ind1="4" ind2=" ">
    <subfield code="y">Map 7</subfield>
    <subfield code="9">9a330df9-13ef-4093-a39b-0a610c1b3bb5</subfield>
    <subfield code="s">6225460</subfield>
    <subfield code="u">https://digicoll.lib.berkeley.edu/record/56693/files/10070-jhm000566a.jpg</subfield>
  </datafield>
  <datafield tag="856" ind1="4" ind2=" ">
    <subfield code="y">Map 8</subfield>
    <subfield code="9">242b3521-a61c-471a-81bd-120e9db2c277</subfield>
    <subfield code="s">5860593</subfield>
    <subfield code="u">https://digicoll.lib.berkeley.edu/record/56693/files/10080-jhm000567a.jpg</subfield>
  </datafield>
  <datafield tag="856" ind1="4" ind2=" ">
    <subfield code="y">Map 9</subfield>
    <subfield code="9">144309cc-bbc5-463a-8a81-47b713901eb9</subfield>
    <subfield code="s">5788506</subfield>
    <subfield code="u">https://digicoll.lib.berkeley.edu/record/56693/files/10090-jhm000568a.jpg</subfield>
  </datafield>
  <datafield tag="856" ind1="4" ind2=" ">
    <subfield code="y">Map 10</subfield>
    <subfield code="9">8333c0c9-a30b-4cb1-8b94-40c97313a0e7</subfield>
    <subfield code="s">6516317</subfield>
    <subfield code="u">https://digicoll.lib.berkeley.edu/record/56693/files/10100-jhm000569a.jpg</subfield>
  </datafield>
  <datafield tag="856" ind1="4" ind2=" ">
    <subfield code="y">Map 11</subfield>
    <subfield code="9">a7ddc993-0b65-4890-848f-003303024f94</subfield>
    <subfield code="s">6128872</subfield>
    <subfield code="u">https://digicoll.lib.berkeley.edu/record/56693/files/10110-jhm000570a.jpg</subfield>
  </datafield>
  <datafield tag="856" ind1="4" ind2=" ">
    <subfield code="y">Map 12</subfield>
    <subfield code="9">b06cdfbb-54e3-4232-ba87-fa42ca58de21</subfield>
    <subfield code="s">5977427</subfield>
    <subfield code="u">https://digicoll.lib.berkeley.edu/record/56693/files/10120-jhm000571a.jpg</subfield>
  </datafield>
  <datafield tag="856" ind1="4" ind2=" ">
    <subfield code="y">Map 13</subfield>
    <subfield code="9">0a970dd9-f787-4cfd-baeb-d5959c49bd5c</subfield>
    <subfield code="s">5833516</subfield>
    <subfield code="u">https://digicoll.lib.berkeley.edu/record/56693/files/10130-jhm000572a.jpg</subfield>
  </datafield>
  <datafield tag="856" ind1="4" ind2=" ">
    <subfield code="y">Map 14</subfield>
    <subfield code="9">ca57ea89-3d21-41eb-afd7-d0a4889b9074</subfield>
    <subfield code="s">5728936</subfield>
    <subfield code="u">https://digicoll.lib.berkeley.edu/record/56693/files/10140-jhm000573a.jpg</subfield>
  </datafield>
  <datafield tag="856" ind1="4" ind2=" ">
    <subfield code="y">Map 15</subfield>
    <subfield code="9">a1809b53-4cbb-4f2e-851a-8bab3a6e085f</subfield>
    <subfield code="s">5617922</subfield>
    <subfield code="u">https://digicoll.lib.berkeley.edu/record/56693/files/10150-jhm000574a.jpg</subfield>
  </datafield>
  <datafield tag="856" ind1="4" ind2=" ">
    <subfield code="y">Map 16</subfield>
    <subfield code="9">bff765b0-f9be-4324-9797-b8aacf553ffd</subfield>
    <subfield code="s">5765795</subfield>
    <subfield code="u">https://digicoll.lib.berkeley.edu/record/56693/files/10160-jhm000575a.jpg</subfield>
  </datafield>
  <datafield tag="856" ind1="4" ind2=" ">
    <subfield code="y">Map 17</subfield>
    <subfield code="9">48f8de6e-61be-4ff1-8154-28585cc1a4e5</subfield>
    <subfield code="s">5765055</subfield>
    <subfield code="u">https://digicoll.lib.berkeley.edu/record/56693/files/10170-jhm000576a.jpg</subfield>
  </datafield>
  <datafield tag="856" ind1="4" ind2="1">
    <subfield code="u">https://guides.lib.berkeley.edu/subject-guide/JapaneseHistoricalMaps</subfield>
    <subfield code="y">View collection guide</subfield>
  </datafield>
  <datafield tag="880" ind1="1" ind2=" ">
    <subfield code="6">700-01</subfield>
    <subfield code="a">松田緑山,  active 19th century.</subfield>
  </datafield>
  <datafield tag="880" ind1=" " ind2=" ">
    <subfield code="6">245-02</subfield>
    <subfield code="a">聖蹟圖志</subfield>
    <subfield code="b">神代并諸國部.</subfield>
    <subfield code="p">上</subfield>
  </datafield>
  <datafield tag="880" ind1=" " ind2=" ">
    <subfield code="6">246-03</subfield>
    <subfield code="a">聖蹟図志 :  神代並諸国部.  上</subfield>
  </datafield>
  <datafield tag="880" ind1=" " ind2=" ">
    <subfield code="6">500-04</subfield>
    <subfield code="a">Hand-written in 扉 "神代山稜".</subfield>
  </datafield>
  <datafield tag="880" ind1=" " ind2=" ">
    <subfield code="6">500-05</subfield>
    <subfield code="a">Written by 平塚瓢斎.</subfield>
  </datafield>
  <datafield tag="880" ind1=" " ind2=" ">
    <subfield code="6">593-06</subfield>
    <subfield code="a">Library copy has "宗辰所集","三井家"seals.</subfield>
    <subfield code="5">CU-EAST</subfield>
    <subfield code="9">LOCAL</subfield>
  </datafield>
  <datafield tag="880" ind1="1" ind2=" ">
    <subfield code="6">700-07</subfield>
    <subfield code="a">平塚瓢斎.</subfield>
  </datafield>
  <datafield tag="901" ind1=" " ind2=" ">
    <subfield code="m">991014455659706532</subfield>
  </datafield>
  <datafield tag="902" ind1=" " ind2=" ">
    <subfield code="d">2022-01-03</subfield>
    <subfield code="n">YZ</subfield>
  </datafield>
  <datafield tag="903" ind1=" " ind2=" ">
    <subfield code="b">m</subfield>
  </datafield>
  <datafield tag="909" ind1="C" ind2="O">
    <subfield code="o">oai:digicoll.lib.berkeley.edu:56693</subfield>
    <subfield code="p">japanesehistoricalmaps</subfield>
    <subfield code="p">sfg</subfield>
    <subfield code="q">mcleanCalisphere_oai</subfield>
  </datafield>
  <datafield tag="980" ind1=" " ind2=" ">
    <subfield code="a">jpnmap</subfield>
  </datafield>
  <datafield tag="982" ind1=" " ind2=" ">
    <subfield code="a">Japanese Historical Maps</subfield>
    <subfield code="b">Japanese Historical Maps</subfield>
  </datafield>
</record>