
    <record>
  <controlfield tag="001">56703</controlfield>
  <controlfield tag="005">20250320172815.0</controlfield>
  <datafield tag="035" ind1=" " ind2=" ">
    <subfield code="a">(jpnmap)00638</subfield>
  </datafield>
  <datafield tag="041" ind1=" " ind2=" ">
    <subfield code="a">jpn</subfield>
  </datafield>
  <datafield tag="245" ind1=" " ind2=" ">
    <subfield code="6">880-01</subfield>
    <subfield code="a">Yamashiro no Kuni Otagi-gun Shūgakuin-mura Kiraraji keidaigai kubetsu jissokuzu. Yamashiro no Kuni Otagi-gun Shūgakuin-mura Kiraraji shinkyū keidai kubetsu jissoku roppyakubun no ichi no shukuzu.</subfield>
  </datafield>
  <datafield tag="246" ind1=" " ind2=" ">
    <subfield code="6">880-02</subfield>
    <subfield code="a">Yamashiro no Kuni Otagi-gun Shūgakuin-mura Kiraraji shinkyū keidai kubetsu jissoku roppyakubun no ichi no shukuzu.</subfield>
  </datafield>
  <datafield tag="246" ind1=" " ind2=" ">
    <subfield code="6">880-03</subfield>
    <subfield code="a">Yamashiro no Kuni Otagi-gun Shūgakuin-mura Kiraraji keidaigai kubetsu jissokuzu</subfield>
  </datafield>
  <datafield tag="246" ind1=" " ind2=" ">
    <subfield code="6">880-04</subfield>
    <subfield code="a">Yamashiro no Kuni Otagi-gun Shūgakuin-mura Kiraraji shinkyū keidai kubetsu jissoku roppyakubun no ichi no shukuzu</subfield>
  </datafield>
  <datafield tag="255" ind1=" " ind2=" ">
    <subfield code="a">Scale 1:1,200.</subfield>
  </datafield>
  <datafield tag="260" ind1=" " ind2=" ">
    <subfield code="c">[between 1870 and 1880?]</subfield>
  </datafield>
  <datafield tag="269" ind1=" " ind2=" ">
    <subfield code="a">1870</subfield>
  </datafield>
  <datafield tag="300" ind1=" " ind2=" ">
    <subfield code="a">2 maps</subfield>
    <subfield code="b">ms., color</subfield>
    <subfield code="c">sheets 33 x 46 cm and 34 x 48 cm, folded in cover 25 x 18 cm</subfield>
  </datafield>
  <datafield tag="336" ind1=" " ind2=" ">
    <subfield code="a">Map</subfield>
  </datafield>
  <datafield tag="500" ind1=" " ind2=" ">
    <subfield code="a">Manuscript.</subfield>
  </datafield>
  <datafield tag="540" ind1=" " ind2=" ">
    <subfield code="a">Researchers may make free and open use of the UC Berkeley Library’s digitized public domain materials. However, some materials in our online collections may be protected by U.S. copyright law (Title 17, U.S.C.). Use or reproduction of materials protected by copyright beyond that allowed by fair use (Title 17, U.S.C. § 107) requires permission from the copyright owners. The use or reproduction of some materials may also be restricted by terms of University of California gift or purchase agreements, privacy and publicity rights, or trademark law. Responsibility for determining rights status and permissibility of any use or reproduction rests exclusively with the researcher. To learn more or make inquiries, please see our permissions policies (https://www.lib.berkeley.edu/about/permissions-policies).
</subfield>
  </datafield>
  <datafield tag="546" ind1=" " ind2=" ">
    <subfield code="a">In Japanese.</subfield>
  </datafield>
  <datafield tag="651" ind1=" " ind2=" ">
    <subfield code="a">Kiraraji (Kyoto, Japan) -- Maps.</subfield>
  </datafield>
  <datafield tag="655" ind1=" " ind2=" ">
    <subfield code="a">Manuscript maps.</subfield>
    <subfield code="2">lcgft</subfield>
  </datafield>
  <datafield tag="655" ind1=" " ind2=" ">
    <subfield code="a">Manuscript maps.</subfield>
    <subfield code="2">fast</subfield>
  </datafield>
  <datafield tag="655" ind1=" " ind2=" ">
    <subfield code="a">Maps.</subfield>
    <subfield code="2">fast</subfield>
  </datafield>
  <datafield tag="852" ind1=" " ind2=" ">
    <subfield code="c">East Asian Library</subfield>
  </datafield>
  <datafield tag="856" ind1="4" ind2="1">
    <subfield code="u">https://search.library.berkeley.edu/discovery/fulldisplay?context=L&amp;vid=01UCS_BER:UCB&amp;docid=alma991015266699706532</subfield>
    <subfield code="y">View library catalog record.</subfield>
  </datafield>
  <datafield tag="856" ind1="4" ind2=" ">
    <subfield code="y">Yamashiro no Kuni Otagi-gun Shugakuin-mura Kiraraji keidaigai kubetsu jissokuzu</subfield>
    <subfield code="9">645faf27-4e91-4d99-bbe3-727b78a5f1a9</subfield>
    <subfield code="s">4661689</subfield>
    <subfield code="u">https://digicoll.lib.berkeley.edu/record/56703/files/10010-jhm000591a.jpg</subfield>
  </datafield>
  <datafield tag="856" ind1="4" ind2=" ">
    <subfield code="y">Yamashiro no Kuni Otagi-gun Shugakuin-mura Kiraraji shinkyu keidai kubetsu jissoku roppyakubun no ichi no shukuzu</subfield>
    <subfield code="9">7100851b-09bf-4a71-a72f-91808449265f</subfield>
    <subfield code="s">5182990</subfield>
    <subfield code="u">https://digicoll.lib.berkeley.edu/record/56703/files/10020-jhm000592a.jpg</subfield>
  </datafield>
  <datafield tag="856" ind1="4" ind2="1">
    <subfield code="u">https://guides.lib.berkeley.edu/subject-guide/JapaneseHistoricalMaps</subfield>
    <subfield code="y">View collection guide</subfield>
  </datafield>
  <datafield tag="880" ind1=" " ind2=" ">
    <subfield code="6">245-01</subfield>
    <subfield code="a">山城國愛宕郡修學院村雲母寺境内外區別實測圖. 山城國愛宕郡修學院村雲母寺新旧境内區別實測六百分一之縮圖.</subfield>
  </datafield>
  <datafield tag="880" ind1=" " ind2=" ">
    <subfield code="6">246-02</subfield>
    <subfield code="a">山城國愛宕郡修學院村雲母寺新旧境内區別實測六百分一之縮圖</subfield>
  </datafield>
  <datafield tag="880" ind1=" " ind2=" ">
    <subfield code="6">246-03</subfield>
    <subfield code="a">山城国愛宕郡修学院村雲母寺境内外区別実測図</subfield>
  </datafield>
  <datafield tag="880" ind1=" " ind2=" ">
    <subfield code="6">246-04</subfield>
    <subfield code="a">山城国愛宕郡修学院村雲母寺新旧境内区別実測六百分一之縮図</subfield>
  </datafield>
  <datafield tag="880" ind1=" " ind2=" ">
    <subfield code="6">593-05</subfield>
    <subfield code="a">Library copy has "しんまちみついけ" and rabbit image seals.</subfield>
    <subfield code="5">CU-EAST</subfield>
    <subfield code="9">LOCAL</subfield>
  </datafield>
  <datafield tag="880" ind1=" " ind2=" ">
    <subfield code="6">651-06</subfield>
    <subfield code="a">雲母寺 (京都, Japan) -- Maps.</subfield>
  </datafield>
  <datafield tag="901" ind1=" " ind2=" ">
    <subfield code="m">991015266699706532</subfield>
  </datafield>
  <datafield tag="902" ind1=" " ind2=" ">
    <subfield code="d">2022-01-03</subfield>
    <subfield code="n">YZ</subfield>
  </datafield>
  <datafield tag="903" ind1=" " ind2=" ">
    <subfield code="b">m</subfield>
  </datafield>
  <datafield tag="909" ind1="C" ind2="O">
    <subfield code="o">oai:digicoll.lib.berkeley.edu:56703</subfield>
    <subfield code="p">japanesehistoricalmaps</subfield>
    <subfield code="p">sfg</subfield>
    <subfield code="q">mcleanCalisphere_oai</subfield>
  </datafield>
  <datafield tag="980" ind1=" " ind2=" ">
    <subfield code="a">jpnmap</subfield>
  </datafield>
  <datafield tag="982" ind1=" " ind2=" ">
    <subfield code="a">Japanese Historical Maps</subfield>
    <subfield code="b">Japanese Historical Maps</subfield>
  </datafield>
</record>