
    <record>
  <controlfield tag="001">56705</controlfield>
  <controlfield tag="005">20250320172815.0</controlfield>
  <datafield tag="035" ind1=" " ind2=" ">
    <subfield code="a">(jpnmap)00640</subfield>
  </datafield>
  <datafield tag="041" ind1=" " ind2=" ">
    <subfield code="a">jpn</subfield>
  </datafield>
  <datafield tag="245" ind1=" " ind2=" ">
    <subfield code="6">880-01</subfield>
    <subfield code="a">Dai Nihon dōchū kōtei saikenki</subfield>
  </datafield>
  <datafield tag="255" ind1=" " ind2=" ">
    <subfield code="a">Scale not given.</subfield>
  </datafield>
  <datafield tag="260" ind1=" " ind2=" ">
    <subfield code="6">880-02</subfield>
    <subfield code="a">Osaka</subfield>
    <subfield code="a">Edo</subfield>
    <subfield code="b">Kichimonjiya Ichibe</subfield>
    <subfield code="b">Kichimonjiya Jirobē</subfield>
    <subfield code="c">Meiwa 7 [1770]</subfield>
  </datafield>
  <datafield tag="269" ind1=" " ind2=" ">
    <subfield code="a">1770</subfield>
  </datafield>
  <datafield tag="300" ind1=" " ind2=" ">
    <subfield code="a">1 map</subfield>
    <subfield code="b">color</subfield>
    <subfield code="c">20 x 644 cm, folded in cover 20 x 9 cm</subfield>
  </datafield>
  <datafield tag="336" ind1=" " ind2=" ">
    <subfield code="a">Map</subfield>
  </datafield>
  <datafield tag="500" ind1=" " ind2=" ">
    <subfield code="a">Mounted cover title.</subfield>
  </datafield>
  <datafield tag="500" ind1=" " ind2=" ">
    <subfield code="a">Wood block print.</subfield>
  </datafield>
  <datafield tag="500" ind1=" " ind2=" ">
    <subfield code="a">Orientation varies.</subfield>
  </datafield>
  <datafield tag="500" ind1=" " ind2=" ">
    <subfield code="a">Includes distance charts and guides on travel.</subfield>
  </datafield>
  <datafield tag="500" ind1=" " ind2=" ">
    <subfield code="6">880-03</subfield>
    <subfield code="a">Covers Ezo to Tsushima and a part of Korea.</subfield>
  </datafield>
  <datafield tag="500" ind1=" " ind2=" ">
    <subfield code="6">880-04</subfield>
    <subfield code="a">Includes kokudaka and crests of daimyo and distances from Edo.</subfield>
  </datafield>
  <datafield tag="500" ind1=" " ind2=" ">
    <subfield code="a">Includes a rule and legend.</subfield>
  </datafield>
  <datafield tag="500" ind1=" " ind2=" ">
    <subfield code="6">880-05</subfield>
    <subfield code="a">2 insets: Edo ryakuzu.--Dai Nihonkoku zu.</subfield>
  </datafield>
  <datafield tag="540" ind1=" " ind2=" ">
    <subfield code="a">Researchers may make free and open use of the UC Berkeley Library’s digitized public domain materials. However, some materials in our online collections may be protected by U.S. copyright law (Title 17, U.S.C.). Use or reproduction of materials protected by copyright beyond that allowed by fair use (Title 17, U.S.C. § 107) requires permission from the copyright owners. The use or reproduction of some materials may also be restricted by terms of University of California gift or purchase agreements, privacy and publicity rights, or trademark law. Responsibility for determining rights status and permissibility of any use or reproduction rests exclusively with the researcher. To learn more or make inquiries, please see our permissions policies (https://www.lib.berkeley.edu/about/permissions-policies).
</subfield>
  </datafield>
  <datafield tag="546" ind1=" " ind2=" ">
    <subfield code="a">In Japanese.</subfield>
  </datafield>
  <datafield tag="650" ind1=" " ind2=" ">
    <subfield code="a">Roads -- Maps.</subfield>
  </datafield>
  <datafield tag="650" ind1=" " ind2=" ">
    <subfield code="a">Roads -- Japan -- To 1800. -- Maps.</subfield>
  </datafield>
  <datafield tag="651" ind1=" " ind2=" ">
    <subfield code="a">Japan.</subfield>
  </datafield>
  <datafield tag="700" ind1="1" ind2=" ">
    <subfield code="a">Kichimonjiya, Ichibē,  1721-1793.</subfield>
  </datafield>
  <datafield tag="700" ind1="1" ind2=" ">
    <subfield code="6">880-07</subfield>
    <subfield code="a">Kichimonjiya Ichibe.</subfield>
  </datafield>
  <datafield tag="700" ind1="1" ind2=" ">
    <subfield code="6">880-08</subfield>
    <subfield code="a">Kichimonjiya, Jirobē.</subfield>
  </datafield>
  <datafield tag="852" ind1=" " ind2=" ">
    <subfield code="c">East Asian Library</subfield>
  </datafield>
  <datafield tag="856" ind1="4" ind2="1">
    <subfield code="u">https://search.library.berkeley.edu/discovery/fulldisplay?context=L&amp;vid=01UCS_BER:UCB&amp;docid=alma991020977439706532</subfield>
    <subfield code="y">View library catalog record.</subfield>
  </datafield>
  <datafield tag="856" ind1="4" ind2=" ">
    <subfield code="y">Map</subfield>
    <subfield code="9">2d99255a-daf4-40d7-9b94-959ff4cc5640</subfield>
    <subfield code="s">63486941</subfield>
    <subfield code="u">https://digicoll.lib.berkeley.edu/record/56705/files/10010-J1.jpg</subfield>
  </datafield>
  <datafield tag="856" ind1="4" ind2=" ">
    <subfield code="y">Map 1</subfield>
    <subfield code="9">cda3772c-b5cb-43a7-b9ab-a24a05fd61bb</subfield>
    <subfield code="s">41612203</subfield>
    <subfield code="u">https://digicoll.lib.berkeley.edu/record/56705/files/10020-J1_01.jpg</subfield>
  </datafield>
  <datafield tag="856" ind1="4" ind2=" ">
    <subfield code="y">Map 2</subfield>
    <subfield code="9">7ee16a3a-5bce-4900-8286-8dc44a772e2f</subfield>
    <subfield code="s">43823613</subfield>
    <subfield code="u">https://digicoll.lib.berkeley.edu/record/56705/files/10030-J1_02.jpg</subfield>
  </datafield>
  <datafield tag="856" ind1="4" ind2=" ">
    <subfield code="y">Map 3</subfield>
    <subfield code="9">055bf271-81be-412e-b32a-d0ef6abdd006</subfield>
    <subfield code="s">41674066</subfield>
    <subfield code="u">https://digicoll.lib.berkeley.edu/record/56705/files/10040-J1_03.jpg</subfield>
  </datafield>
  <datafield tag="856" ind1="4" ind2=" ">
    <subfield code="y">Map 4</subfield>
    <subfield code="9">014fb08f-d839-47eb-84a1-62afc7445e1a</subfield>
    <subfield code="s">37812807</subfield>
    <subfield code="u">https://digicoll.lib.berkeley.edu/record/56705/files/10050-J1_04.jpg</subfield>
  </datafield>
  <datafield tag="856" ind1="4" ind2=" ">
    <subfield code="y">Cover</subfield>
    <subfield code="9">bb9b1e87-d574-4146-b216-3656612b0106</subfield>
    <subfield code="s">2735933</subfield>
    <subfield code="u">https://digicoll.lib.berkeley.edu/record/56705/files/10060-J1_a.jpg</subfield>
  </datafield>
  <datafield tag="856" ind1="4" ind2="1">
    <subfield code="u">https://guides.lib.berkeley.edu/subject-guide/JapaneseHistoricalMaps</subfield>
    <subfield code="y">View collection guide</subfield>
  </datafield>
  <datafield tag="880" ind1=" " ind2=" ">
    <subfield code="6">245-01</subfield>
    <subfield code="a">大日本道中行程細見記</subfield>
  </datafield>
  <datafield tag="880" ind1=" " ind2=" ">
    <subfield code="6">260-02</subfield>
    <subfield code="a">大坂</subfield>
    <subfield code="a">江戸</subfield>
    <subfield code="b">吉文字屋市兵衞</subfield>
    <subfield code="b">吉文字屋次郎兵衞</subfield>
    <subfield code="c">明和 7 [1770]</subfield>
  </datafield>
  <datafield tag="880" ind1=" " ind2=" ">
    <subfield code="6">500-03</subfield>
    <subfield code="a">Covers 蝦夷 to 対馬 and a part of 朝鮮.</subfield>
  </datafield>
  <datafield tag="880" ind1=" " ind2=" ">
    <subfield code="6">500-04</subfield>
    <subfield code="a">Includes 石高 and crests of 大名 and distances from 江戸.</subfield>
  </datafield>
  <datafield tag="880" ind1=" " ind2=" ">
    <subfield code="6">500-05</subfield>
    <subfield code="a">2 insets: 江戸畧圖.--大日本國圖.</subfield>
  </datafield>
  <datafield tag="880" ind1=" " ind2=" ">
    <subfield code="6">593-06</subfield>
    <subfield code="a">Library copy has "しんまちみついけ" and rabbit image seals.</subfield>
    <subfield code="5">CU-EAST</subfield>
    <subfield code="9">LOCAL</subfield>
  </datafield>
  <datafield tag="880" ind1="1" ind2=" ">
    <subfield code="6">700-07</subfield>
    <subfield code="a">吉文字屋市兵衞.</subfield>
  </datafield>
  <datafield tag="880" ind1="1" ind2=" ">
    <subfield code="6">700-08</subfield>
    <subfield code="a">吉文字屋次郎兵衞.</subfield>
  </datafield>
  <datafield tag="901" ind1=" " ind2=" ">
    <subfield code="m">991020977439706532</subfield>
  </datafield>
  <datafield tag="902" ind1=" " ind2=" ">
    <subfield code="d">2022-01-03</subfield>
    <subfield code="n">YZ</subfield>
  </datafield>
  <datafield tag="903" ind1=" " ind2=" ">
    <subfield code="b">m</subfield>
  </datafield>
  <datafield tag="909" ind1="C" ind2="O">
    <subfield code="o">oai:digicoll.lib.berkeley.edu:56705</subfield>
    <subfield code="p">japanesehistoricalmaps</subfield>
    <subfield code="p">sfg</subfield>
    <subfield code="q">mcleanCalisphere_oai</subfield>
  </datafield>
  <datafield tag="980" ind1=" " ind2=" ">
    <subfield code="a">jpnmap</subfield>
  </datafield>
  <datafield tag="982" ind1=" " ind2=" ">
    <subfield code="a">Japanese Historical Maps</subfield>
    <subfield code="b">Japanese Historical Maps</subfield>
  </datafield>
</record>