
    <record>
  <controlfield tag="001">56720</controlfield>
  <controlfield tag="005">20250320172824.0</controlfield>
  <datafield tag="035" ind1=" " ind2=" ">
    <subfield code="a">(jpnmap)00655</subfield>
  </datafield>
  <datafield tag="041" ind1=" " ind2=" ">
    <subfield code="a">jpn</subfield>
  </datafield>
  <datafield tag="245" ind1=" " ind2=" ">
    <subfield code="6">880-02</subfield>
    <subfield code="a">Kaisei dōchūki</subfield>
    <subfield code="b">zen.</subfield>
  </datafield>
  <datafield tag="260" ind1=" " ind2=" ">
    <subfield code="6">880-03</subfield>
    <subfield code="a">[Tōkyō]</subfield>
    <subfield code="b">Inoue Katsugorō</subfield>
    <subfield code="c">Meiji 26 [1893]</subfield>
  </datafield>
  <datafield tag="269" ind1=" " ind2=" ">
    <subfield code="a">1893</subfield>
  </datafield>
  <datafield tag="300" ind1=" " ind2=" ">
    <subfield code="a">1 atlas (27 leaves)</subfield>
    <subfield code="b">18 maps</subfield>
    <subfield code="c">13 cm</subfield>
  </datafield>
  <datafield tag="336" ind1=" " ind2=" ">
    <subfield code="a">Map</subfield>
  </datafield>
  <datafield tag="500" ind1=" " ind2=" ">
    <subfield code="a">Mounted cover title.</subfield>
  </datafield>
  <datafield tag="500" ind1=" " ind2=" ">
    <subfield code="a">Copperplate print.</subfield>
  </datafield>
  <datafield tag="500" ind1=" " ind2=" ">
    <subfield code="a">Orientation varies.</subfield>
  </datafield>
  <datafield tag="500" ind1=" " ind2=" ">
    <subfield code="a">Relief shown pictorially.</subfield>
  </datafield>
  <datafield tag="500" ind1=" " ind2=" ">
    <subfield code="a">Shows distance of road and sea routes.</subfield>
  </datafield>
  <datafield tag="500" ind1=" " ind2=" ">
    <subfield code="a">Includes distance chart and legend.</subfield>
  </datafield>
  <datafield tag="500" ind1=" " ind2=" ">
    <subfield code="a">Shows views of tourist attractions.</subfield>
  </datafield>
  <datafield tag="500" ind1=" " ind2=" ">
    <subfield code="6">880-04</subfield>
    <subfield code="a">"Shitara Katsumi dōkoku".</subfield>
  </datafield>
  <datafield tag="540" ind1=" " ind2=" ">
    <subfield code="a">Researchers may make free and open use of the UC Berkeley Library’s digitized public domain materials. However, some materials in our online collections may be protected by U.S. copyright law (Title 17, U.S.C.). Use or reproduction of materials protected by copyright beyond that allowed by fair use (Title 17, U.S.C. § 107) requires permission from the copyright owners. The use or reproduction of some materials may also be restricted by terms of University of California gift or purchase agreements, privacy and publicity rights, or trademark law. Responsibility for determining rights status and permissibility of any use or reproduction rests exclusively with the researcher. To learn more or make inquiries, please see our permissions policies (https://www.lib.berkeley.edu/about/permissions-policies).
</subfield>
  </datafield>
  <datafield tag="546" ind1=" " ind2=" ">
    <subfield code="a">In Japanese.</subfield>
  </datafield>
  <datafield tag="650" ind1=" " ind2=" ">
    <subfield code="a">Roads -- Japan -- Maps.</subfield>
  </datafield>
  <datafield tag="650" ind1=" " ind2=" ">
    <subfield code="a">Roads.</subfield>
  </datafield>
  <datafield tag="651" ind1=" " ind2=" ">
    <subfield code="a">Japan.</subfield>
  </datafield>
  <datafield tag="655" ind1=" " ind2=" ">
    <subfield code="a">Maps.</subfield>
    <subfield code="2">fast</subfield>
  </datafield>
  <datafield tag="700" ind1="1" ind2=" ">
    <subfield code="6">880-01</subfield>
    <subfield code="a">Inoue, Katsugorō.</subfield>
  </datafield>
  <datafield tag="700" ind1="1" ind2=" ">
    <subfield code="6">880-06</subfield>
    <subfield code="a">Shitara, Katsumi.</subfield>
  </datafield>
  <datafield tag="852" ind1=" " ind2=" ">
    <subfield code="c">East Asian Library</subfield>
  </datafield>
  <datafield tag="856" ind1="4" ind2="1">
    <subfield code="u">https://search.library.berkeley.edu/discovery/fulldisplay?context=L&amp;vid=01UCS_BER:UCB&amp;docid=alma991015439189706532</subfield>
    <subfield code="y">View library catalog record.</subfield>
  </datafield>
  <datafield tag="856" ind1="4" ind2=" ">
    <subfield code="y">Map 1</subfield>
    <subfield code="9">de178f47-2ed5-4509-871d-d6c51c358ded</subfield>
    <subfield code="s">3854694</subfield>
    <subfield code="u">https://digicoll.lib.berkeley.edu/record/56720/files/10010-jhm000790a.jpg</subfield>
  </datafield>
  <datafield tag="856" ind1="4" ind2=" ">
    <subfield code="y">Map 2</subfield>
    <subfield code="9">0802b11d-462f-48d7-a9bf-0463ddb7d0c7</subfield>
    <subfield code="s">3861260</subfield>
    <subfield code="u">https://digicoll.lib.berkeley.edu/record/56720/files/10020-jhm000791a.jpg</subfield>
  </datafield>
  <datafield tag="856" ind1="4" ind2=" ">
    <subfield code="y">Map 3</subfield>
    <subfield code="9">bc8e5799-e59b-4d65-92ee-f4d9b820feff</subfield>
    <subfield code="s">4003464</subfield>
    <subfield code="u">https://digicoll.lib.berkeley.edu/record/56720/files/10030-jhm000792a.jpg</subfield>
  </datafield>
  <datafield tag="856" ind1="4" ind2=" ">
    <subfield code="y">Map 4</subfield>
    <subfield code="9">67f332cc-f0a2-42d9-80f5-753d9e1a744d</subfield>
    <subfield code="s">3957602</subfield>
    <subfield code="u">https://digicoll.lib.berkeley.edu/record/56720/files/10040-jhm000793a.jpg</subfield>
  </datafield>
  <datafield tag="856" ind1="4" ind2=" ">
    <subfield code="y">Map 5</subfield>
    <subfield code="9">c16799f0-70a1-4be9-90a5-83fc0ee86ace</subfield>
    <subfield code="s">3889031</subfield>
    <subfield code="u">https://digicoll.lib.berkeley.edu/record/56720/files/10050-jhm000794a.jpg</subfield>
  </datafield>
  <datafield tag="856" ind1="4" ind2=" ">
    <subfield code="y">Map 6</subfield>
    <subfield code="9">4bbb1583-0480-4b8c-a0eb-702906656b19</subfield>
    <subfield code="s">3888577</subfield>
    <subfield code="u">https://digicoll.lib.berkeley.edu/record/56720/files/10060-jhm000795a.jpg</subfield>
  </datafield>
  <datafield tag="856" ind1="4" ind2=" ">
    <subfield code="y">Map 7</subfield>
    <subfield code="9">d3e8a179-9120-438f-bfaa-94071175a1be</subfield>
    <subfield code="s">4199824</subfield>
    <subfield code="u">https://digicoll.lib.berkeley.edu/record/56720/files/10070-jhm000796a.jpg</subfield>
  </datafield>
  <datafield tag="856" ind1="4" ind2=" ">
    <subfield code="y">Map 8</subfield>
    <subfield code="9">e0649e1f-7f57-4085-a1d8-a0a75ea91881</subfield>
    <subfield code="s">3983940</subfield>
    <subfield code="u">https://digicoll.lib.berkeley.edu/record/56720/files/10080-jhm000797a.jpg</subfield>
  </datafield>
  <datafield tag="856" ind1="4" ind2=" ">
    <subfield code="y">Map 9</subfield>
    <subfield code="9">a749623b-57b1-4547-9e2e-381128635987</subfield>
    <subfield code="s">4379930</subfield>
    <subfield code="u">https://digicoll.lib.berkeley.edu/record/56720/files/10090-jhm000798a.jpg</subfield>
  </datafield>
  <datafield tag="856" ind1="4" ind2=" ">
    <subfield code="y">Map 10</subfield>
    <subfield code="9">ff929295-7e61-4427-a08e-00c6aec0d783</subfield>
    <subfield code="s">4449249</subfield>
    <subfield code="u">https://digicoll.lib.berkeley.edu/record/56720/files/10100-jhm000799a.jpg</subfield>
  </datafield>
  <datafield tag="856" ind1="4" ind2=" ">
    <subfield code="y">Map 11</subfield>
    <subfield code="9">56517a1b-3732-4f8d-9841-6737c5f97762</subfield>
    <subfield code="s">4334399</subfield>
    <subfield code="u">https://digicoll.lib.berkeley.edu/record/56720/files/10110-jhm000800a.jpg</subfield>
  </datafield>
  <datafield tag="856" ind1="4" ind2=" ">
    <subfield code="y">Map 12</subfield>
    <subfield code="9">5e301a50-ba9a-4896-842e-df882438f763</subfield>
    <subfield code="s">4209310</subfield>
    <subfield code="u">https://digicoll.lib.berkeley.edu/record/56720/files/10120-jhm000801a.jpg</subfield>
  </datafield>
  <datafield tag="856" ind1="4" ind2=" ">
    <subfield code="y">Map 13</subfield>
    <subfield code="9">06f117e2-fd2d-4af1-9209-a9071800e6a2</subfield>
    <subfield code="s">4333016</subfield>
    <subfield code="u">https://digicoll.lib.berkeley.edu/record/56720/files/10130-jhm000802a.jpg</subfield>
  </datafield>
  <datafield tag="856" ind1="4" ind2=" ">
    <subfield code="y">Map 14</subfield>
    <subfield code="9">bce7713d-611a-43e8-af62-e6210b36fc5c</subfield>
    <subfield code="s">4371693</subfield>
    <subfield code="u">https://digicoll.lib.berkeley.edu/record/56720/files/10140-jhm000803a.jpg</subfield>
  </datafield>
  <datafield tag="856" ind1="4" ind2=" ">
    <subfield code="y">Map 15</subfield>
    <subfield code="9">766e35d7-3065-4f6c-bd55-70277fb895fa</subfield>
    <subfield code="s">4403278</subfield>
    <subfield code="u">https://digicoll.lib.berkeley.edu/record/56720/files/10150-jhm000804a.jpg</subfield>
  </datafield>
  <datafield tag="856" ind1="4" ind2=" ">
    <subfield code="y">Map 16</subfield>
    <subfield code="9">73b4c37b-1d13-4a76-a795-108e8e807f89</subfield>
    <subfield code="s">4429613</subfield>
    <subfield code="u">https://digicoll.lib.berkeley.edu/record/56720/files/10160-jhm000805a.jpg</subfield>
  </datafield>
  <datafield tag="856" ind1="4" ind2=" ">
    <subfield code="y">Map 17</subfield>
    <subfield code="9">4446d471-8730-493c-b47e-2ed52e6e972b</subfield>
    <subfield code="s">4396003</subfield>
    <subfield code="u">https://digicoll.lib.berkeley.edu/record/56720/files/10170-jhm000806a.jpg</subfield>
  </datafield>
  <datafield tag="856" ind1="4" ind2=" ">
    <subfield code="y">Map 18</subfield>
    <subfield code="9">3badffea-78f5-4289-b94e-ca909808f7ad</subfield>
    <subfield code="s">4352971</subfield>
    <subfield code="u">https://digicoll.lib.berkeley.edu/record/56720/files/10180-jhm000807a.jpg</subfield>
  </datafield>
  <datafield tag="856" ind1="4" ind2=" ">
    <subfield code="y">Map 19</subfield>
    <subfield code="9">74298149-ed0d-4ca5-b9cf-98a54c590408</subfield>
    <subfield code="s">4251609</subfield>
    <subfield code="u">https://digicoll.lib.berkeley.edu/record/56720/files/10190-jhm000808a.jpg</subfield>
  </datafield>
  <datafield tag="856" ind1="4" ind2=" ">
    <subfield code="y">Map 20</subfield>
    <subfield code="9">47ad7d39-5309-4581-a8e0-fa086667eb02</subfield>
    <subfield code="s">4374685</subfield>
    <subfield code="u">https://digicoll.lib.berkeley.edu/record/56720/files/10200-jhm000809a.jpg</subfield>
  </datafield>
  <datafield tag="856" ind1="4" ind2=" ">
    <subfield code="y">Map 21</subfield>
    <subfield code="9">65cead4b-1727-40ed-8a2f-e6773f36551a</subfield>
    <subfield code="s">4545743</subfield>
    <subfield code="u">https://digicoll.lib.berkeley.edu/record/56720/files/10210-jhm000810a.jpg</subfield>
  </datafield>
  <datafield tag="856" ind1="4" ind2=" ">
    <subfield code="y">Map 22</subfield>
    <subfield code="9">bc34d01c-6c96-45d9-a172-74cd981441c8</subfield>
    <subfield code="s">4623686</subfield>
    <subfield code="u">https://digicoll.lib.berkeley.edu/record/56720/files/10220-jhm000811a.jpg</subfield>
  </datafield>
  <datafield tag="856" ind1="4" ind2=" ">
    <subfield code="y">Map 23</subfield>
    <subfield code="9">27a44b60-616d-4524-8eca-f4efc5bf2eb5</subfield>
    <subfield code="s">4501711</subfield>
    <subfield code="u">https://digicoll.lib.berkeley.edu/record/56720/files/10230-jhm000812a.jpg</subfield>
  </datafield>
  <datafield tag="856" ind1="4" ind2=" ">
    <subfield code="y">Map 24</subfield>
    <subfield code="9">76e7fe85-c649-4829-b54a-828bf7d546a6</subfield>
    <subfield code="s">4593318</subfield>
    <subfield code="u">https://digicoll.lib.berkeley.edu/record/56720/files/10240-jhm000813a.jpg</subfield>
  </datafield>
  <datafield tag="856" ind1="4" ind2=" ">
    <subfield code="y">Map 25</subfield>
    <subfield code="9">ed9d3632-5943-4f02-8c55-0c86be12cf05</subfield>
    <subfield code="s">4579752</subfield>
    <subfield code="u">https://digicoll.lib.berkeley.edu/record/56720/files/10250-jhm000814a.jpg</subfield>
  </datafield>
  <datafield tag="856" ind1="4" ind2=" ">
    <subfield code="y">Map 26</subfield>
    <subfield code="9">2315dd2c-b190-444b-877e-2510ea2264b0</subfield>
    <subfield code="s">4311272</subfield>
    <subfield code="u">https://digicoll.lib.berkeley.edu/record/56720/files/10260-jhm000815a.jpg</subfield>
  </datafield>
  <datafield tag="856" ind1="4" ind2=" ">
    <subfield code="y">Map 27</subfield>
    <subfield code="9">5b985e61-3539-4d4a-8b94-d67167297d2d</subfield>
    <subfield code="s">4111409</subfield>
    <subfield code="u">https://digicoll.lib.berkeley.edu/record/56720/files/10270-jhm000816a.jpg</subfield>
  </datafield>
  <datafield tag="856" ind1="4" ind2=" ">
    <subfield code="y">Title Page</subfield>
    <subfield code="9">f9229e04-0db9-4916-a486-c0403a85f75a</subfield>
    <subfield code="s">3680530</subfield>
    <subfield code="u">https://digicoll.lib.berkeley.edu/record/56720/files/10280-jhm000789a.jpg</subfield>
  </datafield>
  <datafield tag="856" ind1="4" ind2="1">
    <subfield code="u">https://guides.lib.berkeley.edu/subject-guide/JapaneseHistoricalMaps</subfield>
    <subfield code="y">View collection guide</subfield>
  </datafield>
  <datafield tag="880" ind1="1" ind2=" ">
    <subfield code="6">700-01</subfield>
    <subfield code="a">井上勝五郎.</subfield>
  </datafield>
  <datafield tag="880" ind1=" " ind2=" ">
    <subfield code="6">245-02</subfield>
    <subfield code="a">改正道中記</subfield>
    <subfield code="b">全</subfield>
  </datafield>
  <datafield tag="880" ind1=" " ind2=" ">
    <subfield code="6">260-03</subfield>
    <subfield code="a">[東京]</subfield>
    <subfield code="b">井上勝五郎</subfield>
    <subfield code="c">明治 26 [1893]</subfield>
  </datafield>
  <datafield tag="880" ind1=" " ind2=" ">
    <subfield code="6">500-04</subfield>
    <subfield code="a">"設樂勝美銅刻".</subfield>
  </datafield>
  <datafield tag="880" ind1=" " ind2=" ">
    <subfield code="6">593-05</subfield>
    <subfield code="a">Library copy has "しんまちみついけ" and rabbit image seals.</subfield>
    <subfield code="5">CU-EAST</subfield>
    <subfield code="9">LOCAL</subfield>
  </datafield>
  <datafield tag="880" ind1="1" ind2=" ">
    <subfield code="6">700-06</subfield>
    <subfield code="a">設樂勝美.</subfield>
  </datafield>
  <datafield tag="901" ind1=" " ind2=" ">
    <subfield code="m">991015439189706532</subfield>
  </datafield>
  <datafield tag="902" ind1=" " ind2=" ">
    <subfield code="d">2022-01-03</subfield>
    <subfield code="n">YZ</subfield>
  </datafield>
  <datafield tag="903" ind1=" " ind2=" ">
    <subfield code="b">m</subfield>
  </datafield>
  <datafield tag="909" ind1="C" ind2="O">
    <subfield code="o">oai:digicoll.lib.berkeley.edu:56720</subfield>
    <subfield code="p">japanesehistoricalmaps</subfield>
    <subfield code="p">sfg</subfield>
    <subfield code="q">mcleanCalisphere_oai</subfield>
  </datafield>
  <datafield tag="980" ind1=" " ind2=" ">
    <subfield code="a">jpnmap</subfield>
  </datafield>
  <datafield tag="982" ind1=" " ind2=" ">
    <subfield code="a">Japanese Historical Maps</subfield>
    <subfield code="b">Japanese Historical Maps</subfield>
  </datafield>
</record>