
    <record>
  <controlfield tag="001">56726</controlfield>
  <controlfield tag="005">20250320172825.0</controlfield>
  <datafield tag="035" ind1=" " ind2=" ">
    <subfield code="a">(jpnmap)00661</subfield>
  </datafield>
  <datafield tag="041" ind1=" " ind2=" ">
    <subfield code="a">jpn</subfield>
  </datafield>
  <datafield tag="245" ind1=" " ind2=" ">
    <subfield code="6">880-02</subfield>
    <subfield code="a">Kyōzai tekiyō shin'an Tōkyō chizu.</subfield>
  </datafield>
  <datafield tag="246" ind1=" " ind2=" ">
    <subfield code="6">880-03</subfield>
    <subfield code="a">Shin'an Tōkyō chizu.</subfield>
  </datafield>
  <datafield tag="255" ind1=" " ind2=" ">
    <subfield code="a">Scale not given.</subfield>
  </datafield>
  <datafield tag="260" ind1=" " ind2=" ">
    <subfield code="6">880-04</subfield>
    <subfield code="a">Tōkyō</subfield>
    <subfield code="b">Iroha Shobō : Bun'yōdō</subfield>
    <subfield code="c">Meiji 33 [1900]</subfield>
  </datafield>
  <datafield tag="269" ind1=" " ind2=" ">
    <subfield code="a">1900</subfield>
  </datafield>
  <datafield tag="300" ind1=" " ind2=" ">
    <subfield code="a">1 atlas (12 leaves)</subfield>
    <subfield code="b">color maps</subfield>
    <subfield code="c">16 cm</subfield>
  </datafield>
  <datafield tag="336" ind1=" " ind2=" ">
    <subfield code="a">Map</subfield>
  </datafield>
  <datafield tag="500" ind1=" " ind2=" ">
    <subfield code="a">Cover title.</subfield>
  </datafield>
  <datafield tag="500" ind1=" " ind2=" ">
    <subfield code="a">Copperplate print.</subfield>
  </datafield>
  <datafield tag="500" ind1=" " ind2=" ">
    <subfield code="a">Includes address chart, text and legend.</subfield>
  </datafield>
  <datafield tag="540" ind1=" " ind2=" ">
    <subfield code="a">Researchers may make free and open use of the UC Berkeley Library’s digitized public domain materials. However, some materials in our online collections may be protected by U.S. copyright law (Title 17, U.S.C.). Use or reproduction of materials protected by copyright beyond that allowed by fair use (Title 17, U.S.C. § 107) requires permission from the copyright owners. The use or reproduction of some materials may also be restricted by terms of University of California gift or purchase agreements, privacy and publicity rights, or trademark law. Responsibility for determining rights status and permissibility of any use or reproduction rests exclusively with the researcher. To learn more or make inquiries, please see our permissions policies (https://www.lib.berkeley.edu/about/permissions-policies).
</subfield>
  </datafield>
  <datafield tag="546" ind1=" " ind2=" ">
    <subfield code="a">In Japanese.</subfield>
  </datafield>
  <datafield tag="651" ind1=" " ind2=" ">
    <subfield code="a">Tokyo (Japan) -- Maps.</subfield>
  </datafield>
  <datafield tag="651" ind1=" " ind2=" ">
    <subfield code="a">Japan -- Tokyo.</subfield>
  </datafield>
  <datafield tag="655" ind1=" " ind2=" ">
    <subfield code="a">Maps.</subfield>
    <subfield code="2">fast</subfield>
  </datafield>
  <datafield tag="700" ind1="1" ind2=" ">
    <subfield code="6">880-01</subfield>
    <subfield code="a">Suzuki, Kumajirō.</subfield>
  </datafield>
  <datafield tag="852" ind1=" " ind2=" ">
    <subfield code="c">East Asian Library</subfield>
  </datafield>
  <datafield tag="856" ind1="4" ind2="1">
    <subfield code="u">https://search.library.berkeley.edu/discovery/fulldisplay?context=L&amp;vid=01UCS_BER:UCB&amp;docid=alma991014724029706532</subfield>
    <subfield code="y">View library catalog record.</subfield>
  </datafield>
  <datafield tag="856" ind1="4" ind2=" ">
    <subfield code="y">Map 1</subfield>
    <subfield code="9">d6253c13-3362-47e4-9b6c-d22f2b5377bc</subfield>
    <subfield code="s">6624988</subfield>
    <subfield code="u">https://digicoll.lib.berkeley.edu/record/56726/files/10010-jhm000216a.jpg</subfield>
  </datafield>
  <datafield tag="856" ind1="4" ind2=" ">
    <subfield code="y">Map 2</subfield>
    <subfield code="9">ee03bce3-0177-4714-9fed-71b2fdb9d288</subfield>
    <subfield code="s">6886708</subfield>
    <subfield code="u">https://digicoll.lib.berkeley.edu/record/56726/files/10020-jhm000217a.jpg</subfield>
  </datafield>
  <datafield tag="856" ind1="4" ind2=" ">
    <subfield code="y">Map 3</subfield>
    <subfield code="9">a9f75819-2a33-4dc3-b7fc-27abdbdd2895</subfield>
    <subfield code="s">6616131</subfield>
    <subfield code="u">https://digicoll.lib.berkeley.edu/record/56726/files/10030-jhm000218a.jpg</subfield>
  </datafield>
  <datafield tag="856" ind1="4" ind2=" ">
    <subfield code="y">Map 4</subfield>
    <subfield code="9">7cd39f7b-6aef-448c-92a7-aa1f6eea2217</subfield>
    <subfield code="s">6932434</subfield>
    <subfield code="u">https://digicoll.lib.berkeley.edu/record/56726/files/10040-jhm000219a.jpg</subfield>
  </datafield>
  <datafield tag="856" ind1="4" ind2=" ">
    <subfield code="y">Map 5</subfield>
    <subfield code="9">839d16e9-e57e-47e8-9dba-8c53a923dfaf</subfield>
    <subfield code="s">7040668</subfield>
    <subfield code="u">https://digicoll.lib.berkeley.edu/record/56726/files/10050-jhm000220a.jpg</subfield>
  </datafield>
  <datafield tag="856" ind1="4" ind2=" ">
    <subfield code="y">Map 6</subfield>
    <subfield code="9">9317a051-95a3-4dbd-af70-ff49621990fa</subfield>
    <subfield code="s">6499272</subfield>
    <subfield code="u">https://digicoll.lib.berkeley.edu/record/56726/files/10060-jhm000221a.jpg</subfield>
  </datafield>
  <datafield tag="856" ind1="4" ind2=" ">
    <subfield code="y">Map 7</subfield>
    <subfield code="9">052ad8d8-767a-4f7c-bc88-802e1fc93d51</subfield>
    <subfield code="s">6272840</subfield>
    <subfield code="u">https://digicoll.lib.berkeley.edu/record/56726/files/10070-jhm000222a.jpg</subfield>
  </datafield>
  <datafield tag="856" ind1="4" ind2=" ">
    <subfield code="y">Map 8</subfield>
    <subfield code="9">fb157b28-2e16-4455-a059-568567062334</subfield>
    <subfield code="s">6493955</subfield>
    <subfield code="u">https://digicoll.lib.berkeley.edu/record/56726/files/10080-jhm000223a.jpg</subfield>
  </datafield>
  <datafield tag="856" ind1="4" ind2=" ">
    <subfield code="y">Map 9</subfield>
    <subfield code="9">0093ac08-29e7-410b-9d9f-4b38d42aca4a</subfield>
    <subfield code="s">7099491</subfield>
    <subfield code="u">https://digicoll.lib.berkeley.edu/record/56726/files/10090-jhm000224a.jpg</subfield>
  </datafield>
  <datafield tag="856" ind1="4" ind2=" ">
    <subfield code="y">Map 10</subfield>
    <subfield code="9">5d7c6e8f-b210-4f02-b10e-2748b2273f95</subfield>
    <subfield code="s">7453692</subfield>
    <subfield code="u">https://digicoll.lib.berkeley.edu/record/56726/files/10100-jhm000225a.jpg</subfield>
  </datafield>
  <datafield tag="856" ind1="4" ind2=" ">
    <subfield code="y">Map 11</subfield>
    <subfield code="9">c1df0322-bad2-4d58-97b8-ac160d8bab5e</subfield>
    <subfield code="s">7804961</subfield>
    <subfield code="u">https://digicoll.lib.berkeley.edu/record/56726/files/10110-jhm000226a.jpg</subfield>
  </datafield>
  <datafield tag="856" ind1="4" ind2=" ">
    <subfield code="y">Map 12</subfield>
    <subfield code="9">903d3f14-c9d2-4cff-9446-cf66d31adc2e</subfield>
    <subfield code="s">7534702</subfield>
    <subfield code="u">https://digicoll.lib.berkeley.edu/record/56726/files/10120-jhm000227a.jpg</subfield>
  </datafield>
  <datafield tag="856" ind1="4" ind2=" ">
    <subfield code="y">Map 13</subfield>
    <subfield code="9">3c513abd-304f-47ac-914b-c41a1dc784d4</subfield>
    <subfield code="s">4358145</subfield>
    <subfield code="u">https://digicoll.lib.berkeley.edu/record/56726/files/10130-jhm000228a.jpg</subfield>
  </datafield>
  <datafield tag="856" ind1="4" ind2="1">
    <subfield code="u">https://guides.lib.berkeley.edu/subject-guide/JapaneseHistoricalMaps</subfield>
    <subfield code="y">View collection guide</subfield>
  </datafield>
  <datafield tag="880" ind1=" " ind2=" ">
    <subfield code="6">245-02</subfield>
    <subfield code="a">教材適用新案東亰地[図].</subfield>
  </datafield>
  <datafield tag="880" ind1=" " ind2=" ">
    <subfield code="6">246-03</subfield>
    <subfield code="a">新案東亰地[図]</subfield>
  </datafield>
  <datafield tag="880" ind1=" " ind2=" ">
    <subfield code="6">260-04</subfield>
    <subfield code="a">東京</subfield>
    <subfield code="b">いろは書房 : 文陽堂</subfield>
    <subfield code="c">明治 33 [1900]</subfield>
  </datafield>
  <datafield tag="880" ind1="1" ind2=" ">
    <subfield code="6">700-01</subfield>
    <subfield code="a">鈴木熊次郎.</subfield>
  </datafield>
  <datafield tag="901" ind1=" " ind2=" ">
    <subfield code="m">991014774019706532</subfield>
  </datafield>
  <datafield tag="902" ind1=" " ind2=" ">
    <subfield code="d">2022-01-03</subfield>
    <subfield code="n">YZ</subfield>
  </datafield>
  <datafield tag="903" ind1=" " ind2=" ">
    <subfield code="b">m</subfield>
  </datafield>
  <datafield tag="909" ind1="C" ind2="O">
    <subfield code="o">oai:digicoll.lib.berkeley.edu:56726</subfield>
    <subfield code="p">japanesehistoricalmaps</subfield>
    <subfield code="p">sfg</subfield>
    <subfield code="q">mcleanCalisphere_oai</subfield>
  </datafield>
  <datafield tag="980" ind1=" " ind2=" ">
    <subfield code="a">jpnmap</subfield>
  </datafield>
  <datafield tag="982" ind1=" " ind2=" ">
    <subfield code="a">Japanese Historical Maps</subfield>
    <subfield code="b">Japanese Historical Maps</subfield>
  </datafield>
</record>