
    <record>
  <controlfield tag="001">279122</controlfield>
  <controlfield tag="005">20250321062312.0</controlfield>
  <datafield tag="035" ind1=" " ind2=" ">
    <subfield code="a">(jpnmap)991011722729706532_C113951295</subfield>
  </datafield>
  <datafield tag="041" ind1=" " ind2=" ">
    <subfield code="a">jpn</subfield>
  </datafield>
  <datafield tag="245" ind1=" " ind2=" ">
    <subfield code="6">880-01</subfield>
    <subfield code="a">Tottori-shi zenzu.</subfield>
  </datafield>
  <datafield tag="255" ind1=" " ind2=" ">
    <subfield code="a">Scale 1:10,000.</subfield>
  </datafield>
  <datafield tag="260" ind1=" " ind2=" ">
    <subfield code="a">Japan</subfield>
    <subfield code="b">s.l.</subfield>
    <subfield code="c">before Shōwa 6  1931</subfield>
  </datafield>
  <datafield tag="300" ind1=" " ind2=" ">
    <subfield code="a">1 map</subfield>
    <subfield code="b">col.</subfield>
    <subfield code="c">55 x 40 cm., folded to 28 x 20 cm.</subfield>
  </datafield>
  <datafield tag="336" ind1=" " ind2=" ">
    <subfield code="a">Image</subfield>
  </datafield>
  <datafield tag="500" ind1=" " ind2=" ">
    <subfield code="a">Relief shown by hachures.</subfield>
  </datafield>
  <datafield tag="500" ind1=" " ind2=" ">
    <subfield code="a">Shows water distribution pipes.</subfield>
  </datafield>
  <datafield tag="500" ind1=" " ind2=" ">
    <subfield code="a">Includes legend.</subfield>
  </datafield>
  <datafield tag="540" ind1=" " ind2=" ">
    <subfield code="a">Researchers may make free and open use of the UC Berkeley Library’s digitized public domain materials. However, some materials in our online collections may be protected by U.S. copyright law (Title 17, U.S.C.). Use or reproduction of materials protected by copyright beyond that allowed by fair use (Title 17, U.S.C. § 107) requires permission from the copyright owners. The use or reproduction of some materials may also be restricted by terms of University of California gift or purchase agreements, privacy and publicity rights, or trademark law. Responsibility for determining rights status and permissibility of any use or reproduction rests exclusively with the researcher. To learn more or make inquiries, please see our permissions policies (https://www.lib.berkeley.edu/about/permissions-policies).</subfield>
  </datafield>
  <datafield tag="651" ind1=" " ind2=" ">
    <subfield code="a">Tottori-shi (Japan) Maps. </subfield>
  </datafield>
  <datafield tag="852" ind1=" " ind2=" ">
    <subfield code="c">East Asian Library</subfield>
  </datafield>
  <datafield tag="856" ind1="4" ind2="1">
    <subfield code="u">https://search.library.berkeley.edu/discovery/fulldisplay?context=L&amp;vid=01UCS_BER:UCB&amp;docid=alma991011722729706532</subfield>
    <subfield code="y">View library catalog record.</subfield>
  </datafield>
  <datafield tag="856" ind1="4" ind2=" ">
    <subfield code="y">991011722729706532_C113951295_001.jpg</subfield>
    <subfield code="9">92cc4d8c-65b2-4d84-966c-570e920b1cef</subfield>
    <subfield code="s">5198006</subfield>
    <subfield code="u">https://digicoll.lib.berkeley.edu/record/279122/files/991011722729706532_C113951295_001.jpg</subfield>
  </datafield>
  <datafield tag="856" ind1="4" ind2=" ">
    <subfield code="y">991011722729706532_C113951295_002.jpg</subfield>
    <subfield code="9">a7f68c19-14d1-43e0-a80e-e434c347790d</subfield>
    <subfield code="s">4381264</subfield>
    <subfield code="u">https://digicoll.lib.berkeley.edu/record/279122/files/991011722729706532_C113951295_002.jpg</subfield>
  </datafield>
  <datafield tag="880" ind1=" " ind2=" ">
    <subfield code="6">245-01</subfield>
    <subfield code="a">鳥取市全圖.</subfield>
  </datafield>
  <datafield tag="901" ind1=" " ind2=" ">
    <subfield code="m">991011722729706532</subfield>
  </datafield>
  <datafield tag="902" ind1=" " ind2=" ">
    <subfield code="d">2023-12-23</subfield>
    <subfield code="n">syscript - leg</subfield>
  </datafield>
  <datafield tag="903" ind1=" " ind2=" ">
    <subfield code="b">m</subfield>
  </datafield>
  <datafield tag="909" ind1="C" ind2="O">
    <subfield code="o">oai:digicoll.lib.berkeley.edu:279122</subfield>
    <subfield code="p">japanesehistoricalmaps</subfield>
    <subfield code="p">sfg</subfield>
  </datafield>
  <datafield tag="951" ind1=" " ind2=" ">
    <subfield code="a">ark:/13030/m57t8xrw</subfield>
    <subfield code="b">Merritt</subfield>
  </datafield>
  <datafield tag="980" ind1=" " ind2=" ">
    <subfield code="a">jpnmap</subfield>
  </datafield>
  <datafield tag="982" ind1=" " ind2=" ">
    <subfield code="a">Japanese Historical Maps</subfield>
    <subfield code="b">Japanese Historical Maps</subfield>
  </datafield>
</record>