
    <record>
  <controlfield tag="001">289263</controlfield>
  <controlfield tag="005">20250321073315.0</controlfield>
  <datafield tag="035" ind1=" " ind2=" ">
    <subfield code="a">(jpnmap)991033096849706532_A2517940</subfield>
  </datafield>
  <datafield tag="041" ind1=" " ind2=" ">
    <subfield code="a">jpn</subfield>
  </datafield>
  <datafield tag="245" ind1=" " ind2=" ">
    <subfield code="6">880-02</subfield>
    <subfield code="a">Tōkyō-shi oyobi setsuzoku gunbu chiseki chizu</subfield>
    <subfield code="p">v.1</subfield>
  </datafield>
  <datafield tag="260" ind1=" " ind2=" ">
    <subfield code="6">880-03</subfield>
    <subfield code="a">Tōkyō</subfield>
    <subfield code="b">Tōkyō Shiku Chōsakai</subfield>
    <subfield code="c">Taishō 1  1912</subfield>
  </datafield>
  <datafield tag="269" ind1=" " ind2=" ">
    <subfield code="a">1912</subfield>
  </datafield>
  <datafield tag="300" ind1=" " ind2=" ">
    <subfield code="a">1 atlas (2 v.)</subfield>
  </datafield>
  <datafield tag="336" ind1=" " ind2=" ">
    <subfield code="a">Image</subfield>
  </datafield>
  <datafield tag="540" ind1=" " ind2=" ">
    <subfield code="a">Researchers may make free and open use of the UC Berkeley Library’s digitized public domain materials. However, some materials in our online collections may be protected by U.S. copyright law (Title 17, U.S.C.). Use or reproduction of materials protected by copyright beyond that allowed by fair use (Title 17, U.S.C. § 107) requires permission from the copyright owners. The use or reproduction of some materials may also be restricted by terms of University of California gift or purchase agreements, privacy and publicity rights, or trademark law. Responsibility for determining rights status and permissibility of any use or reproduction rests exclusively with the researcher. To learn more or make inquiries, please see our permissions policies (https://www.lib.berkeley.edu/about/permissions-policies).</subfield>
  </datafield>
  <datafield tag="651" ind1=" " ind2=" ">
    <subfield code="a">Tokyo (Japan) Maps.</subfield>
  </datafield>
  <datafield tag="710" ind1="2" ind2=" ">
    <subfield code="6">880-01</subfield>
    <subfield code="a">Tōkyō Shiku Chōsakai.</subfield>
  </datafield>
  <datafield tag="852" ind1=" " ind2=" ">
    <subfield code="c">East Asian Library</subfield>
  </datafield>
  <datafield tag="856" ind1="4" ind2="1">
    <subfield code="u">https://search.library.berkeley.edu/discovery/fulldisplay?context=L&amp;vid=01UCS_BER:UCB&amp;docid=alma991033096849706532</subfield>
    <subfield code="y">View library catalog record.</subfield>
  </datafield>
  <datafield tag="856" ind1="4" ind2=" ">
    <subfield code="9">ea3cbeab-35e4-4657-b872-566b87eea412</subfield>
    <subfield code="s">2152870</subfield>
    <subfield code="u">https://digicoll.lib.berkeley.edu/record/289263/files/991033096849706532_A2517940_001.jpg</subfield>
  </datafield>
  <datafield tag="856" ind1="4" ind2=" ">
    <subfield code="9">43dc613a-dc56-483e-9daa-3f530d1b3f58</subfield>
    <subfield code="s">1882717</subfield>
    <subfield code="u">https://digicoll.lib.berkeley.edu/record/289263/files/991033096849706532_A2517940_002.jpg</subfield>
  </datafield>
  <datafield tag="856" ind1="4" ind2=" ">
    <subfield code="9">cb7b0ce2-4180-4a69-93b9-a2762ad4a3f8</subfield>
    <subfield code="s">2024416</subfield>
    <subfield code="u">https://digicoll.lib.berkeley.edu/record/289263/files/991033096849706532_A2517940_003.jpg</subfield>
  </datafield>
  <datafield tag="856" ind1="4" ind2=" ">
    <subfield code="9">85ef97ec-b1a1-4465-a363-f7b6237e8771</subfield>
    <subfield code="s">1826438</subfield>
    <subfield code="u">https://digicoll.lib.berkeley.edu/record/289263/files/991033096849706532_A2517940_004.jpg</subfield>
  </datafield>
  <datafield tag="856" ind1="4" ind2=" ">
    <subfield code="9">29240a02-7f14-429d-bed2-5d6d953fec4a</subfield>
    <subfield code="s">2440838</subfield>
    <subfield code="u">https://digicoll.lib.berkeley.edu/record/289263/files/991033096849706532_A2517940_005.jpg</subfield>
  </datafield>
  <datafield tag="856" ind1="4" ind2=" ">
    <subfield code="9">2a5a8f19-324b-4db9-9036-c36030f1e92d</subfield>
    <subfield code="s">2383677</subfield>
    <subfield code="u">https://digicoll.lib.berkeley.edu/record/289263/files/991033096849706532_A2517940_006.jpg</subfield>
  </datafield>
  <datafield tag="856" ind1="4" ind2=" ">
    <subfield code="9">7c145919-c649-4d69-984e-c140a63f4694</subfield>
    <subfield code="s">2714442</subfield>
    <subfield code="u">https://digicoll.lib.berkeley.edu/record/289263/files/991033096849706532_A2517940_007.jpg</subfield>
  </datafield>
  <datafield tag="856" ind1="4" ind2=" ">
    <subfield code="9">5a40bfe8-c0da-458e-b10b-6bd0acc1266f</subfield>
    <subfield code="s">1793091</subfield>
    <subfield code="u">https://digicoll.lib.berkeley.edu/record/289263/files/991033096849706532_A2517940_008.jpg</subfield>
  </datafield>
  <datafield tag="856" ind1="4" ind2=" ">
    <subfield code="9">ca12500b-3285-45b1-b860-d7cf0208e637</subfield>
    <subfield code="s">3011659</subfield>
    <subfield code="u">https://digicoll.lib.berkeley.edu/record/289263/files/991033096849706532_A2517940_009.jpg</subfield>
  </datafield>
  <datafield tag="856" ind1="4" ind2=" ">
    <subfield code="9">7717ccf3-35aa-4acb-a086-0db6daf59e9e</subfield>
    <subfield code="s">2157105</subfield>
    <subfield code="u">https://digicoll.lib.berkeley.edu/record/289263/files/991033096849706532_A2517940_010.jpg</subfield>
  </datafield>
  <datafield tag="856" ind1="4" ind2=" ">
    <subfield code="9">d2f423a7-7991-45a3-9b18-2ef776167f3f</subfield>
    <subfield code="s">2385720</subfield>
    <subfield code="u">https://digicoll.lib.berkeley.edu/record/289263/files/991033096849706532_A2517940_011.jpg</subfield>
  </datafield>
  <datafield tag="856" ind1="4" ind2=" ">
    <subfield code="9">f3d15fd2-4974-4a5d-9da5-ac92b4173cc0</subfield>
    <subfield code="s">2078123</subfield>
    <subfield code="u">https://digicoll.lib.berkeley.edu/record/289263/files/991033096849706532_A2517940_012.jpg</subfield>
  </datafield>
  <datafield tag="856" ind1="4" ind2=" ">
    <subfield code="9">c8ffebe1-be1b-414f-8a4e-7e15936806c3</subfield>
    <subfield code="s">2217609</subfield>
    <subfield code="u">https://digicoll.lib.berkeley.edu/record/289263/files/991033096849706532_A2517940_013.jpg</subfield>
  </datafield>
  <datafield tag="856" ind1="4" ind2=" ">
    <subfield code="9">d2937fcb-043d-4feb-9e83-0242649aaa4a</subfield>
    <subfield code="s">2155690</subfield>
    <subfield code="u">https://digicoll.lib.berkeley.edu/record/289263/files/991033096849706532_A2517940_014.jpg</subfield>
  </datafield>
  <datafield tag="856" ind1="4" ind2=" ">
    <subfield code="9">20686dc7-18ee-42e8-abf1-ab43bbbdd12d</subfield>
    <subfield code="s">1880905</subfield>
    <subfield code="u">https://digicoll.lib.berkeley.edu/record/289263/files/991033096849706532_A2517940_015.jpg</subfield>
  </datafield>
  <datafield tag="856" ind1="4" ind2=" ">
    <subfield code="9">8810d62f-37f8-41c1-84d0-53fcbda4f506</subfield>
    <subfield code="s">2075011</subfield>
    <subfield code="u">https://digicoll.lib.berkeley.edu/record/289263/files/991033096849706532_A2517940_016.jpg</subfield>
  </datafield>
  <datafield tag="856" ind1="4" ind2=" ">
    <subfield code="9">1a86cb2e-09e8-47fb-8fd5-73663d7f7071</subfield>
    <subfield code="s">2447744</subfield>
    <subfield code="u">https://digicoll.lib.berkeley.edu/record/289263/files/991033096849706532_A2517940_017.jpg</subfield>
  </datafield>
  <datafield tag="856" ind1="4" ind2=" ">
    <subfield code="9">7a40e649-1308-4ba3-af2f-44fac643205c</subfield>
    <subfield code="s">4925455</subfield>
    <subfield code="u">https://digicoll.lib.berkeley.edu/record/289263/files/991033096849706532_A2517940_018.jpg</subfield>
  </datafield>
  <datafield tag="856" ind1="4" ind2=" ">
    <subfield code="9">a892ff7f-a156-44bc-b348-e3a4ec49bb5b</subfield>
    <subfield code="s">3612198</subfield>
    <subfield code="u">https://digicoll.lib.berkeley.edu/record/289263/files/991033096849706532_A2517940_019.jpg</subfield>
  </datafield>
  <datafield tag="856" ind1="4" ind2=" ">
    <subfield code="9">532445a0-8157-44e5-a212-407db45a0f27</subfield>
    <subfield code="s">3677557</subfield>
    <subfield code="u">https://digicoll.lib.berkeley.edu/record/289263/files/991033096849706532_A2517940_020.jpg</subfield>
  </datafield>
  <datafield tag="856" ind1="4" ind2=" ">
    <subfield code="9">dd920151-162a-4943-9180-f2723af000c4</subfield>
    <subfield code="s">4201716</subfield>
    <subfield code="u">https://digicoll.lib.berkeley.edu/record/289263/files/991033096849706532_A2517940_021.jpg</subfield>
  </datafield>
  <datafield tag="856" ind1="4" ind2=" ">
    <subfield code="9">35bdb168-908e-402b-a3ad-76bdbc2cf7bd</subfield>
    <subfield code="s">1973043</subfield>
    <subfield code="u">https://digicoll.lib.berkeley.edu/record/289263/files/991033096849706532_A2517940_022.jpg</subfield>
  </datafield>
  <datafield tag="856" ind1="4" ind2=" ">
    <subfield code="9">e89d9cd0-1525-4201-8a99-2b785e0eb17a</subfield>
    <subfield code="s">2446101</subfield>
    <subfield code="u">https://digicoll.lib.berkeley.edu/record/289263/files/991033096849706532_A2517940_023.jpg</subfield>
  </datafield>
  <datafield tag="856" ind1="4" ind2=" ">
    <subfield code="9">8a186aa2-6924-484a-81d5-ce746084713a</subfield>
    <subfield code="s">4041613</subfield>
    <subfield code="u">https://digicoll.lib.berkeley.edu/record/289263/files/991033096849706532_A2517940_024.jpg</subfield>
  </datafield>
  <datafield tag="856" ind1="4" ind2=" ">
    <subfield code="9">afc65a3d-3f9f-48cb-a312-43cc1157f570</subfield>
    <subfield code="s">1943675</subfield>
    <subfield code="u">https://digicoll.lib.berkeley.edu/record/289263/files/991033096849706532_A2517940_025.jpg</subfield>
  </datafield>
  <datafield tag="856" ind1="4" ind2=" ">
    <subfield code="9">5a0f038d-aa43-4f3b-8c5b-801022169ae2</subfield>
    <subfield code="s">3052610</subfield>
    <subfield code="u">https://digicoll.lib.berkeley.edu/record/289263/files/991033096849706532_A2517940_026.jpg</subfield>
  </datafield>
  <datafield tag="856" ind1="4" ind2=" ">
    <subfield code="9">1f4ca46f-d4cb-49a1-a0a7-8cce59595506</subfield>
    <subfield code="s">3080579</subfield>
    <subfield code="u">https://digicoll.lib.berkeley.edu/record/289263/files/991033096849706532_A2517940_027.jpg</subfield>
  </datafield>
  <datafield tag="856" ind1="4" ind2=" ">
    <subfield code="9">0218b91d-193c-4a83-bf06-071ea1f494dd</subfield>
    <subfield code="s">2734355</subfield>
    <subfield code="u">https://digicoll.lib.berkeley.edu/record/289263/files/991033096849706532_A2517940_028.jpg</subfield>
  </datafield>
  <datafield tag="856" ind1="4" ind2=" ">
    <subfield code="9">64bc2212-1156-4441-a617-e6fe25877ea2</subfield>
    <subfield code="s">2952384</subfield>
    <subfield code="u">https://digicoll.lib.berkeley.edu/record/289263/files/991033096849706532_A2517940_029.jpg</subfield>
  </datafield>
  <datafield tag="856" ind1="4" ind2=" ">
    <subfield code="9">d97fb255-cdc8-4b63-a11e-3d44a4e95678</subfield>
    <subfield code="s">3022645</subfield>
    <subfield code="u">https://digicoll.lib.berkeley.edu/record/289263/files/991033096849706532_A2517940_030.jpg</subfield>
  </datafield>
  <datafield tag="856" ind1="4" ind2=" ">
    <subfield code="9">a3c55535-4fd7-477a-bf35-0898278810b5</subfield>
    <subfield code="s">2853283</subfield>
    <subfield code="u">https://digicoll.lib.berkeley.edu/record/289263/files/991033096849706532_A2517940_031.jpg</subfield>
  </datafield>
  <datafield tag="856" ind1="4" ind2=" ">
    <subfield code="9">09619d1e-04e5-47ac-abd9-afe463ec88ea</subfield>
    <subfield code="s">3176142</subfield>
    <subfield code="u">https://digicoll.lib.berkeley.edu/record/289263/files/991033096849706532_A2517940_032.jpg</subfield>
  </datafield>
  <datafield tag="856" ind1="4" ind2=" ">
    <subfield code="9">15e68936-7ab6-460e-8a55-dae6d825b0af</subfield>
    <subfield code="s">3007687</subfield>
    <subfield code="u">https://digicoll.lib.berkeley.edu/record/289263/files/991033096849706532_A2517940_033.jpg</subfield>
  </datafield>
  <datafield tag="856" ind1="4" ind2=" ">
    <subfield code="9">84ebd150-8794-4b21-a218-3103988752ce</subfield>
    <subfield code="s">3743897</subfield>
    <subfield code="u">https://digicoll.lib.berkeley.edu/record/289263/files/991033096849706532_A2517940_034.jpg</subfield>
  </datafield>
  <datafield tag="856" ind1="4" ind2=" ">
    <subfield code="9">95f414fd-6df1-4b35-b1fb-823a6a574f0d</subfield>
    <subfield code="s">3491599</subfield>
    <subfield code="u">https://digicoll.lib.berkeley.edu/record/289263/files/991033096849706532_A2517940_035.jpg</subfield>
  </datafield>
  <datafield tag="856" ind1="4" ind2=" ">
    <subfield code="9">b2afe5bf-74c7-4959-8bfe-ad26f57badbe</subfield>
    <subfield code="s">3035939</subfield>
    <subfield code="u">https://digicoll.lib.berkeley.edu/record/289263/files/991033096849706532_A2517940_036.jpg</subfield>
  </datafield>
  <datafield tag="856" ind1="4" ind2=" ">
    <subfield code="9">48be9a81-f516-4418-abf6-76072e63d068</subfield>
    <subfield code="s">3578770</subfield>
    <subfield code="u">https://digicoll.lib.berkeley.edu/record/289263/files/991033096849706532_A2517940_037.jpg</subfield>
  </datafield>
  <datafield tag="856" ind1="4" ind2=" ">
    <subfield code="9">6d69ee0e-2294-4881-b3f8-4b5a0b70e77a</subfield>
    <subfield code="s">3813236</subfield>
    <subfield code="u">https://digicoll.lib.berkeley.edu/record/289263/files/991033096849706532_A2517940_038.jpg</subfield>
  </datafield>
  <datafield tag="856" ind1="4" ind2=" ">
    <subfield code="9">7105117a-91f1-41a6-b49b-189dd8d5c46e</subfield>
    <subfield code="s">3998217</subfield>
    <subfield code="u">https://digicoll.lib.berkeley.edu/record/289263/files/991033096849706532_A2517940_039.jpg</subfield>
  </datafield>
  <datafield tag="856" ind1="4" ind2=" ">
    <subfield code="9">7b51354e-8cbe-4cbb-a144-9859e4d7a6e7</subfield>
    <subfield code="s">3233835</subfield>
    <subfield code="u">https://digicoll.lib.berkeley.edu/record/289263/files/991033096849706532_A2517940_040.jpg</subfield>
  </datafield>
  <datafield tag="856" ind1="4" ind2=" ">
    <subfield code="9">06c26cd1-809d-4065-b48f-2ee2230083dd</subfield>
    <subfield code="s">3353693</subfield>
    <subfield code="u">https://digicoll.lib.berkeley.edu/record/289263/files/991033096849706532_A2517940_041.jpg</subfield>
  </datafield>
  <datafield tag="856" ind1="4" ind2=" ">
    <subfield code="9">9a41fc8f-709d-46f2-8c9f-a4b2ce29b0a5</subfield>
    <subfield code="s">3261372</subfield>
    <subfield code="u">https://digicoll.lib.berkeley.edu/record/289263/files/991033096849706532_A2517940_042.jpg</subfield>
  </datafield>
  <datafield tag="856" ind1="4" ind2=" ">
    <subfield code="9">654d8611-dd6e-4630-96b0-080cc41c5f3a</subfield>
    <subfield code="s">3209579</subfield>
    <subfield code="u">https://digicoll.lib.berkeley.edu/record/289263/files/991033096849706532_A2517940_043.jpg</subfield>
  </datafield>
  <datafield tag="856" ind1="4" ind2=" ">
    <subfield code="9">f2167171-bd88-4186-b18f-032eb8d4fba7</subfield>
    <subfield code="s">2897404</subfield>
    <subfield code="u">https://digicoll.lib.berkeley.edu/record/289263/files/991033096849706532_A2517940_044.jpg</subfield>
  </datafield>
  <datafield tag="856" ind1="4" ind2=" ">
    <subfield code="9">abc5f98a-7853-4066-bc36-1ff1c68aa949</subfield>
    <subfield code="s">3346488</subfield>
    <subfield code="u">https://digicoll.lib.berkeley.edu/record/289263/files/991033096849706532_A2517940_045.jpg</subfield>
  </datafield>
  <datafield tag="856" ind1="4" ind2=" ">
    <subfield code="9">df362efd-0702-478c-a760-f218d82e3698</subfield>
    <subfield code="s">3459296</subfield>
    <subfield code="u">https://digicoll.lib.berkeley.edu/record/289263/files/991033096849706532_A2517940_046.jpg</subfield>
  </datafield>
  <datafield tag="856" ind1="4" ind2=" ">
    <subfield code="9">cc628b74-f385-44e8-a2ba-ee66941ebddf</subfield>
    <subfield code="s">3509663</subfield>
    <subfield code="u">https://digicoll.lib.berkeley.edu/record/289263/files/991033096849706532_A2517940_047.jpg</subfield>
  </datafield>
  <datafield tag="856" ind1="4" ind2=" ">
    <subfield code="9">38719fba-d8ab-408d-9249-168d1f1ce891</subfield>
    <subfield code="s">3070855</subfield>
    <subfield code="u">https://digicoll.lib.berkeley.edu/record/289263/files/991033096849706532_A2517940_048.jpg</subfield>
  </datafield>
  <datafield tag="856" ind1="4" ind2=" ">
    <subfield code="9">579b871c-8e4a-4846-8bf1-b9aa8b9e2e49</subfield>
    <subfield code="s">3754175</subfield>
    <subfield code="u">https://digicoll.lib.berkeley.edu/record/289263/files/991033096849706532_A2517940_049.jpg</subfield>
  </datafield>
  <datafield tag="856" ind1="4" ind2=" ">
    <subfield code="9">ab148c4e-0433-4d05-b13d-1570afd4d8a8</subfield>
    <subfield code="s">3613054</subfield>
    <subfield code="u">https://digicoll.lib.berkeley.edu/record/289263/files/991033096849706532_A2517940_050.jpg</subfield>
  </datafield>
  <datafield tag="856" ind1="4" ind2=" ">
    <subfield code="9">1383ba4d-8a86-4298-a0b1-54ffcdb62702</subfield>
    <subfield code="s">3334443</subfield>
    <subfield code="u">https://digicoll.lib.berkeley.edu/record/289263/files/991033096849706532_A2517940_051.jpg</subfield>
  </datafield>
  <datafield tag="856" ind1="4" ind2=" ">
    <subfield code="9">9a0ffbe5-d751-4d98-98c3-736d136ffc22</subfield>
    <subfield code="s">3421407</subfield>
    <subfield code="u">https://digicoll.lib.berkeley.edu/record/289263/files/991033096849706532_A2517940_052.jpg</subfield>
  </datafield>
  <datafield tag="856" ind1="4" ind2=" ">
    <subfield code="9">ac3b32f6-8d6d-4c50-ae3a-423d052cf0a8</subfield>
    <subfield code="s">3787856</subfield>
    <subfield code="u">https://digicoll.lib.berkeley.edu/record/289263/files/991033096849706532_A2517940_053.jpg</subfield>
  </datafield>
  <datafield tag="856" ind1="4" ind2=" ">
    <subfield code="9">5951fe46-5ba6-4587-a1c6-bce5b6150038</subfield>
    <subfield code="s">3316233</subfield>
    <subfield code="u">https://digicoll.lib.berkeley.edu/record/289263/files/991033096849706532_A2517940_054.jpg</subfield>
  </datafield>
  <datafield tag="856" ind1="4" ind2=" ">
    <subfield code="9">f3de5298-ce86-4c69-bc86-5618f4b4b904</subfield>
    <subfield code="s">3319543</subfield>
    <subfield code="u">https://digicoll.lib.berkeley.edu/record/289263/files/991033096849706532_A2517940_055.jpg</subfield>
  </datafield>
  <datafield tag="856" ind1="4" ind2=" ">
    <subfield code="9">87e95700-84f1-4f58-b390-3be68839b254</subfield>
    <subfield code="s">3731712</subfield>
    <subfield code="u">https://digicoll.lib.berkeley.edu/record/289263/files/991033096849706532_A2517940_056.jpg</subfield>
  </datafield>
  <datafield tag="856" ind1="4" ind2=" ">
    <subfield code="9">d606db45-cda9-4c5d-b939-75cccbf53cf9</subfield>
    <subfield code="s">3500032</subfield>
    <subfield code="u">https://digicoll.lib.berkeley.edu/record/289263/files/991033096849706532_A2517940_057.jpg</subfield>
  </datafield>
  <datafield tag="856" ind1="4" ind2=" ">
    <subfield code="9">78524356-a6ae-463e-bccc-7d58a76b6977</subfield>
    <subfield code="s">3675953</subfield>
    <subfield code="u">https://digicoll.lib.berkeley.edu/record/289263/files/991033096849706532_A2517940_058.jpg</subfield>
  </datafield>
  <datafield tag="856" ind1="4" ind2=" ">
    <subfield code="9">57d0ba60-ac00-4af3-8286-ae5fc93f8589</subfield>
    <subfield code="s">3661959</subfield>
    <subfield code="u">https://digicoll.lib.berkeley.edu/record/289263/files/991033096849706532_A2517940_059.jpg</subfield>
  </datafield>
  <datafield tag="856" ind1="4" ind2=" ">
    <subfield code="9">08f6cc57-d28b-47f3-b391-a92d25ccd10e</subfield>
    <subfield code="s">3754844</subfield>
    <subfield code="u">https://digicoll.lib.berkeley.edu/record/289263/files/991033096849706532_A2517940_060.jpg</subfield>
  </datafield>
  <datafield tag="856" ind1="4" ind2=" ">
    <subfield code="9">070bb8cf-8caa-4274-8f94-45a2668f7c5f</subfield>
    <subfield code="s">3840982</subfield>
    <subfield code="u">https://digicoll.lib.berkeley.edu/record/289263/files/991033096849706532_A2517940_061.jpg</subfield>
  </datafield>
  <datafield tag="856" ind1="4" ind2=" ">
    <subfield code="9">bec5393e-8956-4883-9430-3692d758d192</subfield>
    <subfield code="s">4211332</subfield>
    <subfield code="u">https://digicoll.lib.berkeley.edu/record/289263/files/991033096849706532_A2517940_062.jpg</subfield>
  </datafield>
  <datafield tag="856" ind1="4" ind2=" ">
    <subfield code="9">11d77ad6-6f34-415b-a8f3-bf1ad28e522d</subfield>
    <subfield code="s">2591256</subfield>
    <subfield code="u">https://digicoll.lib.berkeley.edu/record/289263/files/991033096849706532_A2517940_063.jpg</subfield>
  </datafield>
  <datafield tag="856" ind1="4" ind2=" ">
    <subfield code="9">676f46f5-8e92-4484-b5a8-a78ba488a6a1</subfield>
    <subfield code="s">1906132</subfield>
    <subfield code="u">https://digicoll.lib.berkeley.edu/record/289263/files/991033096849706532_A2517940_064.jpg</subfield>
  </datafield>
  <datafield tag="856" ind1="4" ind2=" ">
    <subfield code="9">3bfbd826-26de-43e1-a0c3-da51d849266f</subfield>
    <subfield code="s">2532733</subfield>
    <subfield code="u">https://digicoll.lib.berkeley.edu/record/289263/files/991033096849706532_A2517940_065.jpg</subfield>
  </datafield>
  <datafield tag="856" ind1="4" ind2=" ">
    <subfield code="9">4ca1306a-9a3c-47ee-8b47-2f93409ecd89</subfield>
    <subfield code="s">3718759</subfield>
    <subfield code="u">https://digicoll.lib.berkeley.edu/record/289263/files/991033096849706532_A2517940_066.jpg</subfield>
  </datafield>
  <datafield tag="856" ind1="4" ind2=" ">
    <subfield code="9">530992f1-f74a-47cb-beae-b7de874f7b11</subfield>
    <subfield code="s">2260004</subfield>
    <subfield code="u">https://digicoll.lib.berkeley.edu/record/289263/files/991033096849706532_A2517940_067.jpg</subfield>
  </datafield>
  <datafield tag="856" ind1="4" ind2=" ">
    <subfield code="9">4d9409a9-e520-4a0f-b694-fddd15b07f07</subfield>
    <subfield code="s">3109976</subfield>
    <subfield code="u">https://digicoll.lib.berkeley.edu/record/289263/files/991033096849706532_A2517940_068.jpg</subfield>
  </datafield>
  <datafield tag="856" ind1="4" ind2=" ">
    <subfield code="9">6edd5345-b2be-4681-8621-078c6d7d3dd5</subfield>
    <subfield code="s">3272072</subfield>
    <subfield code="u">https://digicoll.lib.berkeley.edu/record/289263/files/991033096849706532_A2517940_069.jpg</subfield>
  </datafield>
  <datafield tag="856" ind1="4" ind2=" ">
    <subfield code="9">9e4d8528-bd77-44f9-9351-d7114e87087e</subfield>
    <subfield code="s">3247874</subfield>
    <subfield code="u">https://digicoll.lib.berkeley.edu/record/289263/files/991033096849706532_A2517940_070.jpg</subfield>
  </datafield>
  <datafield tag="856" ind1="4" ind2=" ">
    <subfield code="9">93e4c9a6-6ff6-40da-8610-52bf07fcc6ea</subfield>
    <subfield code="s">3153444</subfield>
    <subfield code="u">https://digicoll.lib.berkeley.edu/record/289263/files/991033096849706532_A2517940_071.jpg</subfield>
  </datafield>
  <datafield tag="856" ind1="4" ind2=" ">
    <subfield code="9">4e33629f-c6ae-4cc2-83f3-744800686979</subfield>
    <subfield code="s">3343882</subfield>
    <subfield code="u">https://digicoll.lib.berkeley.edu/record/289263/files/991033096849706532_A2517940_072.jpg</subfield>
  </datafield>
  <datafield tag="856" ind1="4" ind2=" ">
    <subfield code="9">7de18bc0-7f83-41d1-b904-3007d4e59aa7</subfield>
    <subfield code="s">3857640</subfield>
    <subfield code="u">https://digicoll.lib.berkeley.edu/record/289263/files/991033096849706532_A2517940_073.jpg</subfield>
  </datafield>
  <datafield tag="856" ind1="4" ind2=" ">
    <subfield code="9">aed44a0a-abe1-435e-9a3f-dc4f1447ca51</subfield>
    <subfield code="s">3493028</subfield>
    <subfield code="u">https://digicoll.lib.berkeley.edu/record/289263/files/991033096849706532_A2517940_074.jpg</subfield>
  </datafield>
  <datafield tag="856" ind1="4" ind2=" ">
    <subfield code="9">d87639b3-4e23-4ecc-9665-bc14656b5ae3</subfield>
    <subfield code="s">3112476</subfield>
    <subfield code="u">https://digicoll.lib.berkeley.edu/record/289263/files/991033096849706532_A2517940_075.jpg</subfield>
  </datafield>
  <datafield tag="856" ind1="4" ind2=" ">
    <subfield code="9">6ad64aac-55df-46c0-8c36-d6a388ea226b</subfield>
    <subfield code="s">3324786</subfield>
    <subfield code="u">https://digicoll.lib.berkeley.edu/record/289263/files/991033096849706532_A2517940_076.jpg</subfield>
  </datafield>
  <datafield tag="856" ind1="4" ind2=" ">
    <subfield code="9">438f29c3-1d6f-4a3b-ae5d-5e12105ac119</subfield>
    <subfield code="s">3023971</subfield>
    <subfield code="u">https://digicoll.lib.berkeley.edu/record/289263/files/991033096849706532_A2517940_077.jpg</subfield>
  </datafield>
  <datafield tag="856" ind1="4" ind2=" ">
    <subfield code="9">45e8d510-2c46-4d3a-b222-60b25cc4e457</subfield>
    <subfield code="s">3172954</subfield>
    <subfield code="u">https://digicoll.lib.berkeley.edu/record/289263/files/991033096849706532_A2517940_078.jpg</subfield>
  </datafield>
  <datafield tag="856" ind1="4" ind2=" ">
    <subfield code="9">ced7080c-94d8-495b-b7e9-8f9ca8acf1f8</subfield>
    <subfield code="s">3697423</subfield>
    <subfield code="u">https://digicoll.lib.berkeley.edu/record/289263/files/991033096849706532_A2517940_079.jpg</subfield>
  </datafield>
  <datafield tag="856" ind1="4" ind2=" ">
    <subfield code="9">109fede5-ffc0-4516-9218-265524b953ba</subfield>
    <subfield code="s">3755546</subfield>
    <subfield code="u">https://digicoll.lib.berkeley.edu/record/289263/files/991033096849706532_A2517940_080.jpg</subfield>
  </datafield>
  <datafield tag="856" ind1="4" ind2=" ">
    <subfield code="9">b3048d3f-57ee-40ae-b2bd-2524286c9bb9</subfield>
    <subfield code="s">3101454</subfield>
    <subfield code="u">https://digicoll.lib.berkeley.edu/record/289263/files/991033096849706532_A2517940_081.jpg</subfield>
  </datafield>
  <datafield tag="856" ind1="4" ind2=" ">
    <subfield code="9">14b723fd-7639-4c8a-a929-e2fa945e1d94</subfield>
    <subfield code="s">3373236</subfield>
    <subfield code="u">https://digicoll.lib.berkeley.edu/record/289263/files/991033096849706532_A2517940_082.jpg</subfield>
  </datafield>
  <datafield tag="856" ind1="4" ind2=" ">
    <subfield code="9">86bcab12-9142-4c95-816a-266ec32bab87</subfield>
    <subfield code="s">3278004</subfield>
    <subfield code="u">https://digicoll.lib.berkeley.edu/record/289263/files/991033096849706532_A2517940_083.jpg</subfield>
  </datafield>
  <datafield tag="856" ind1="4" ind2=" ">
    <subfield code="9">b3136f5a-1857-4678-8ecd-be01830092f4</subfield>
    <subfield code="s">3720867</subfield>
    <subfield code="u">https://digicoll.lib.berkeley.edu/record/289263/files/991033096849706532_A2517940_084.jpg</subfield>
  </datafield>
  <datafield tag="856" ind1="4" ind2=" ">
    <subfield code="9">7438b624-0a82-49bf-873b-a0d8bb83a984</subfield>
    <subfield code="s">3365126</subfield>
    <subfield code="u">https://digicoll.lib.berkeley.edu/record/289263/files/991033096849706532_A2517940_085.jpg</subfield>
  </datafield>
  <datafield tag="856" ind1="4" ind2=" ">
    <subfield code="9">3b510417-ded7-49b1-a33c-a94ba85fd577</subfield>
    <subfield code="s">3161936</subfield>
    <subfield code="u">https://digicoll.lib.berkeley.edu/record/289263/files/991033096849706532_A2517940_086.jpg</subfield>
  </datafield>
  <datafield tag="856" ind1="4" ind2=" ">
    <subfield code="9">96cbc620-52c6-434c-9188-af8a38efde9b</subfield>
    <subfield code="s">3586981</subfield>
    <subfield code="u">https://digicoll.lib.berkeley.edu/record/289263/files/991033096849706532_A2517940_087.jpg</subfield>
  </datafield>
  <datafield tag="856" ind1="4" ind2=" ">
    <subfield code="9">2b03e3cc-3532-40d4-b65d-57e6e6451d73</subfield>
    <subfield code="s">3339001</subfield>
    <subfield code="u">https://digicoll.lib.berkeley.edu/record/289263/files/991033096849706532_A2517940_088.jpg</subfield>
  </datafield>
  <datafield tag="856" ind1="4" ind2=" ">
    <subfield code="9">1a3e8a5d-78b2-4e3f-96b6-8236079da279</subfield>
    <subfield code="s">3132501</subfield>
    <subfield code="u">https://digicoll.lib.berkeley.edu/record/289263/files/991033096849706532_A2517940_089.jpg</subfield>
  </datafield>
  <datafield tag="856" ind1="4" ind2=" ">
    <subfield code="9">cc4b45f9-242b-428c-b2aa-29bc9dcf3fa3</subfield>
    <subfield code="s">3248484</subfield>
    <subfield code="u">https://digicoll.lib.berkeley.edu/record/289263/files/991033096849706532_A2517940_090.jpg</subfield>
  </datafield>
  <datafield tag="856" ind1="4" ind2=" ">
    <subfield code="9">a8d05501-0e67-4a0b-bc09-5fad151ca9bc</subfield>
    <subfield code="s">3675713</subfield>
    <subfield code="u">https://digicoll.lib.berkeley.edu/record/289263/files/991033096849706532_A2517940_091.jpg</subfield>
  </datafield>
  <datafield tag="856" ind1="4" ind2=" ">
    <subfield code="9">9118d807-1a3b-4918-ac0a-495d37a5aa4f</subfield>
    <subfield code="s">3570555</subfield>
    <subfield code="u">https://digicoll.lib.berkeley.edu/record/289263/files/991033096849706532_A2517940_092.jpg</subfield>
  </datafield>
  <datafield tag="856" ind1="4" ind2=" ">
    <subfield code="9">2061e388-5da3-4fd0-979a-2ac3dc115545</subfield>
    <subfield code="s">3449965</subfield>
    <subfield code="u">https://digicoll.lib.berkeley.edu/record/289263/files/991033096849706532_A2517940_093.jpg</subfield>
  </datafield>
  <datafield tag="856" ind1="4" ind2=" ">
    <subfield code="9">619004fd-caf3-4be8-8343-755aa5da269f</subfield>
    <subfield code="s">3335955</subfield>
    <subfield code="u">https://digicoll.lib.berkeley.edu/record/289263/files/991033096849706532_A2517940_094.jpg</subfield>
  </datafield>
  <datafield tag="856" ind1="4" ind2=" ">
    <subfield code="9">01056030-7011-43f6-a71c-0185e07f8a36</subfield>
    <subfield code="s">3286027</subfield>
    <subfield code="u">https://digicoll.lib.berkeley.edu/record/289263/files/991033096849706532_A2517940_095.jpg</subfield>
  </datafield>
  <datafield tag="856" ind1="4" ind2=" ">
    <subfield code="9">73dffce2-d422-4a3e-81dd-ed6a4bc6c05a</subfield>
    <subfield code="s">3826705</subfield>
    <subfield code="u">https://digicoll.lib.berkeley.edu/record/289263/files/991033096849706532_A2517940_096.jpg</subfield>
  </datafield>
  <datafield tag="856" ind1="4" ind2=" ">
    <subfield code="9">1c32a5d0-59ee-4853-88b4-e86d659b0fdf</subfield>
    <subfield code="s">3316471</subfield>
    <subfield code="u">https://digicoll.lib.berkeley.edu/record/289263/files/991033096849706532_A2517940_097.jpg</subfield>
  </datafield>
  <datafield tag="856" ind1="4" ind2=" ">
    <subfield code="9">ff8c1b95-8c55-46e9-853e-a4edbe89ab32</subfield>
    <subfield code="s">3175205</subfield>
    <subfield code="u">https://digicoll.lib.berkeley.edu/record/289263/files/991033096849706532_A2517940_098.jpg</subfield>
  </datafield>
  <datafield tag="856" ind1="4" ind2=" ">
    <subfield code="9">29512677-b30b-4caf-af84-526ebb28c759</subfield>
    <subfield code="s">3503054</subfield>
    <subfield code="u">https://digicoll.lib.berkeley.edu/record/289263/files/991033096849706532_A2517940_099.jpg</subfield>
  </datafield>
  <datafield tag="856" ind1="4" ind2=" ">
    <subfield code="9">796e3bc2-8ee5-4e74-849f-d838be5d162c</subfield>
    <subfield code="s">3559675</subfield>
    <subfield code="u">https://digicoll.lib.berkeley.edu/record/289263/files/991033096849706532_A2517940_100.jpg</subfield>
  </datafield>
  <datafield tag="856" ind1="4" ind2=" ">
    <subfield code="9">4f50bb40-24b0-4f74-9e1d-acdabdf4ff06</subfield>
    <subfield code="s">3532706</subfield>
    <subfield code="u">https://digicoll.lib.berkeley.edu/record/289263/files/991033096849706532_A2517940_101.jpg</subfield>
  </datafield>
  <datafield tag="856" ind1="4" ind2=" ">
    <subfield code="9">64d15928-0efc-4dd1-9c7d-b3cff1913c8c</subfield>
    <subfield code="s">3336793</subfield>
    <subfield code="u">https://digicoll.lib.berkeley.edu/record/289263/files/991033096849706532_A2517940_102.jpg</subfield>
  </datafield>
  <datafield tag="856" ind1="4" ind2=" ">
    <subfield code="9">2ce07c12-5258-416a-96b3-0e5f354f8781</subfield>
    <subfield code="s">2875193</subfield>
    <subfield code="u">https://digicoll.lib.berkeley.edu/record/289263/files/991033096849706532_A2517940_103.jpg</subfield>
  </datafield>
  <datafield tag="856" ind1="4" ind2=" ">
    <subfield code="9">e90ac8ff-9157-43e8-b6b9-f46c16cd601e</subfield>
    <subfield code="s">3804041</subfield>
    <subfield code="u">https://digicoll.lib.berkeley.edu/record/289263/files/991033096849706532_A2517940_104.jpg</subfield>
  </datafield>
  <datafield tag="856" ind1="4" ind2=" ">
    <subfield code="9">62c91843-eb8f-40e1-8a44-b8317401cc43</subfield>
    <subfield code="s">3187709</subfield>
    <subfield code="u">https://digicoll.lib.berkeley.edu/record/289263/files/991033096849706532_A2517940_105.jpg</subfield>
  </datafield>
  <datafield tag="856" ind1="4" ind2=" ">
    <subfield code="9">f681ffde-d5a9-4571-97e0-c2a2c296154c</subfield>
    <subfield code="s">3850764</subfield>
    <subfield code="u">https://digicoll.lib.berkeley.edu/record/289263/files/991033096849706532_A2517940_106.jpg</subfield>
  </datafield>
  <datafield tag="856" ind1="4" ind2=" ">
    <subfield code="9">856b88d5-fd2e-477f-b711-acb3f0431916</subfield>
    <subfield code="s">1964716</subfield>
    <subfield code="u">https://digicoll.lib.berkeley.edu/record/289263/files/991033096849706532_A2517940_107.jpg</subfield>
  </datafield>
  <datafield tag="856" ind1="4" ind2=" ">
    <subfield code="9">e4064f31-d49e-4020-8ec6-c0c9a6238bde</subfield>
    <subfield code="s">3155381</subfield>
    <subfield code="u">https://digicoll.lib.berkeley.edu/record/289263/files/991033096849706532_A2517940_108.jpg</subfield>
  </datafield>
  <datafield tag="856" ind1="4" ind2=" ">
    <subfield code="9">96bcb35b-8ba0-494a-bccb-bf671bd52283</subfield>
    <subfield code="s">3667209</subfield>
    <subfield code="u">https://digicoll.lib.berkeley.edu/record/289263/files/991033096849706532_A2517940_109.jpg</subfield>
  </datafield>
  <datafield tag="856" ind1="4" ind2=" ">
    <subfield code="9">00e1db4d-f6c8-4929-b11c-3a3a08751785</subfield>
    <subfield code="s">2205448</subfield>
    <subfield code="u">https://digicoll.lib.berkeley.edu/record/289263/files/991033096849706532_A2517940_110.jpg</subfield>
  </datafield>
  <datafield tag="856" ind1="4" ind2=" ">
    <subfield code="9">69d98add-d1e6-40a8-9d1f-bb7d9fa47e8c</subfield>
    <subfield code="s">2549838</subfield>
    <subfield code="u">https://digicoll.lib.berkeley.edu/record/289263/files/991033096849706532_A2517940_111.jpg</subfield>
  </datafield>
  <datafield tag="856" ind1="4" ind2=" ">
    <subfield code="9">da39e9c0-ea15-4ef7-9ec7-66036dad2e98</subfield>
    <subfield code="s">3658781</subfield>
    <subfield code="u">https://digicoll.lib.berkeley.edu/record/289263/files/991033096849706532_A2517940_112.jpg</subfield>
  </datafield>
  <datafield tag="856" ind1="4" ind2=" ">
    <subfield code="9">93cc1bf4-3971-4118-9fd5-72efa174488e</subfield>
    <subfield code="s">2269262</subfield>
    <subfield code="u">https://digicoll.lib.berkeley.edu/record/289263/files/991033096849706532_A2517940_113.jpg</subfield>
  </datafield>
  <datafield tag="856" ind1="4" ind2=" ">
    <subfield code="9">c847941a-b2d6-4520-9e10-52fa8360ef41</subfield>
    <subfield code="s">3261782</subfield>
    <subfield code="u">https://digicoll.lib.berkeley.edu/record/289263/files/991033096849706532_A2517940_114.jpg</subfield>
  </datafield>
  <datafield tag="856" ind1="4" ind2=" ">
    <subfield code="9">de092d75-f321-4166-ae4b-f980f5ce531e</subfield>
    <subfield code="s">3198937</subfield>
    <subfield code="u">https://digicoll.lib.berkeley.edu/record/289263/files/991033096849706532_A2517940_115.jpg</subfield>
  </datafield>
  <datafield tag="856" ind1="4" ind2=" ">
    <subfield code="9">2c186c69-b6d9-4060-8ce7-80648dddb909</subfield>
    <subfield code="s">3280754</subfield>
    <subfield code="u">https://digicoll.lib.berkeley.edu/record/289263/files/991033096849706532_A2517940_116.jpg</subfield>
  </datafield>
  <datafield tag="856" ind1="4" ind2=" ">
    <subfield code="9">c5fa35c1-294a-4781-97ca-bab98ab034c2</subfield>
    <subfield code="s">3446266</subfield>
    <subfield code="u">https://digicoll.lib.berkeley.edu/record/289263/files/991033096849706532_A2517940_117.jpg</subfield>
  </datafield>
  <datafield tag="856" ind1="4" ind2=" ">
    <subfield code="9">ffb4c02a-1cec-4134-a7b8-3e7440ab7b2b</subfield>
    <subfield code="s">3390547</subfield>
    <subfield code="u">https://digicoll.lib.berkeley.edu/record/289263/files/991033096849706532_A2517940_118.jpg</subfield>
  </datafield>
  <datafield tag="856" ind1="4" ind2=" ">
    <subfield code="9">c6a428ac-67ea-4e5e-b739-a7a9fbb72d1b</subfield>
    <subfield code="s">3587289</subfield>
    <subfield code="u">https://digicoll.lib.berkeley.edu/record/289263/files/991033096849706532_A2517940_119.jpg</subfield>
  </datafield>
  <datafield tag="856" ind1="4" ind2=" ">
    <subfield code="9">4418dabc-b572-4911-ad7e-37c0e0a49589</subfield>
    <subfield code="s">3670488</subfield>
    <subfield code="u">https://digicoll.lib.berkeley.edu/record/289263/files/991033096849706532_A2517940_120.jpg</subfield>
  </datafield>
  <datafield tag="856" ind1="4" ind2=" ">
    <subfield code="9">52e87e1d-5a00-4337-aa0b-cb888e835b83</subfield>
    <subfield code="s">2972232</subfield>
    <subfield code="u">https://digicoll.lib.berkeley.edu/record/289263/files/991033096849706532_A2517940_121.jpg</subfield>
  </datafield>
  <datafield tag="856" ind1="4" ind2=" ">
    <subfield code="9">c95a687d-be30-47f5-b2ff-9c5a943d23f6</subfield>
    <subfield code="s">3682888</subfield>
    <subfield code="u">https://digicoll.lib.berkeley.edu/record/289263/files/991033096849706532_A2517940_122.jpg</subfield>
  </datafield>
  <datafield tag="856" ind1="4" ind2=" ">
    <subfield code="9">3647f429-602c-4118-add1-c78d26d680e5</subfield>
    <subfield code="s">3256908</subfield>
    <subfield code="u">https://digicoll.lib.berkeley.edu/record/289263/files/991033096849706532_A2517940_123.jpg</subfield>
  </datafield>
  <datafield tag="856" ind1="4" ind2=" ">
    <subfield code="9">d870e74c-3379-4dff-8210-d8fe68c3b272</subfield>
    <subfield code="s">3989584</subfield>
    <subfield code="u">https://digicoll.lib.berkeley.edu/record/289263/files/991033096849706532_A2517940_124.jpg</subfield>
  </datafield>
  <datafield tag="856" ind1="4" ind2=" ">
    <subfield code="9">83d2e478-d485-4729-9523-248dd92b825a</subfield>
    <subfield code="s">3861348</subfield>
    <subfield code="u">https://digicoll.lib.berkeley.edu/record/289263/files/991033096849706532_A2517940_125.jpg</subfield>
  </datafield>
  <datafield tag="856" ind1="4" ind2=" ">
    <subfield code="9">76356102-dc85-4e7b-baaf-79c59b3ef4e7</subfield>
    <subfield code="s">3641139</subfield>
    <subfield code="u">https://digicoll.lib.berkeley.edu/record/289263/files/991033096849706532_A2517940_126.jpg</subfield>
  </datafield>
  <datafield tag="856" ind1="4" ind2=" ">
    <subfield code="9">3c58a72d-f0dc-4a9c-bdb3-2722a5ed77c2</subfield>
    <subfield code="s">3398333</subfield>
    <subfield code="u">https://digicoll.lib.berkeley.edu/record/289263/files/991033096849706532_A2517940_127.jpg</subfield>
  </datafield>
  <datafield tag="856" ind1="4" ind2=" ">
    <subfield code="9">07bb3546-5b0b-4388-8b6f-2d4a448dc4a9</subfield>
    <subfield code="s">3984242</subfield>
    <subfield code="u">https://digicoll.lib.berkeley.edu/record/289263/files/991033096849706532_A2517940_128.jpg</subfield>
  </datafield>
  <datafield tag="856" ind1="4" ind2=" ">
    <subfield code="9">de0e4962-8224-4237-9de3-b4212d2e97ce</subfield>
    <subfield code="s">3214258</subfield>
    <subfield code="u">https://digicoll.lib.berkeley.edu/record/289263/files/991033096849706532_A2517940_129.jpg</subfield>
  </datafield>
  <datafield tag="856" ind1="4" ind2=" ">
    <subfield code="9">30c75bc6-0476-4e4f-b9f0-6af2ae1d4272</subfield>
    <subfield code="s">3203213</subfield>
    <subfield code="u">https://digicoll.lib.berkeley.edu/record/289263/files/991033096849706532_A2517940_130.jpg</subfield>
  </datafield>
  <datafield tag="856" ind1="4" ind2=" ">
    <subfield code="9">8d63d92d-9321-4e7e-88fb-28498a8ba772</subfield>
    <subfield code="s">3280123</subfield>
    <subfield code="u">https://digicoll.lib.berkeley.edu/record/289263/files/991033096849706532_A2517940_131.jpg</subfield>
  </datafield>
  <datafield tag="856" ind1="4" ind2=" ">
    <subfield code="9">89d78365-0288-4625-a616-495cb4639c64</subfield>
    <subfield code="s">3623244</subfield>
    <subfield code="u">https://digicoll.lib.berkeley.edu/record/289263/files/991033096849706532_A2517940_132.jpg</subfield>
  </datafield>
  <datafield tag="856" ind1="4" ind2=" ">
    <subfield code="9">cefe4626-485d-4472-9e48-1747d070f6cf</subfield>
    <subfield code="s">3323396</subfield>
    <subfield code="u">https://digicoll.lib.berkeley.edu/record/289263/files/991033096849706532_A2517940_133.jpg</subfield>
  </datafield>
  <datafield tag="856" ind1="4" ind2=" ">
    <subfield code="9">00a3d150-cf3c-4fd8-afa4-098b298f841e</subfield>
    <subfield code="s">3710990</subfield>
    <subfield code="u">https://digicoll.lib.berkeley.edu/record/289263/files/991033096849706532_A2517940_134.jpg</subfield>
  </datafield>
  <datafield tag="856" ind1="4" ind2=" ">
    <subfield code="9">482a4177-5b60-491f-b8ef-bbfcc9c66201</subfield>
    <subfield code="s">3647971</subfield>
    <subfield code="u">https://digicoll.lib.berkeley.edu/record/289263/files/991033096849706532_A2517940_135.jpg</subfield>
  </datafield>
  <datafield tag="856" ind1="4" ind2=" ">
    <subfield code="9">f2203251-4dd1-4f3b-b088-4ec87ea18d8b</subfield>
    <subfield code="s">3734110</subfield>
    <subfield code="u">https://digicoll.lib.berkeley.edu/record/289263/files/991033096849706532_A2517940_136.jpg</subfield>
  </datafield>
  <datafield tag="856" ind1="4" ind2=" ">
    <subfield code="9">54a42cfd-648c-48c3-a437-9acd19c43641</subfield>
    <subfield code="s">3649344</subfield>
    <subfield code="u">https://digicoll.lib.berkeley.edu/record/289263/files/991033096849706532_A2517940_137.jpg</subfield>
  </datafield>
  <datafield tag="856" ind1="4" ind2=" ">
    <subfield code="9">b9dd1ada-17d1-4b7f-afd8-487317024109</subfield>
    <subfield code="s">3873526</subfield>
    <subfield code="u">https://digicoll.lib.berkeley.edu/record/289263/files/991033096849706532_A2517940_138.jpg</subfield>
  </datafield>
  <datafield tag="856" ind1="4" ind2=" ">
    <subfield code="9">afd16e1c-fe9f-4eb5-94ab-337897d119bb</subfield>
    <subfield code="s">3752790</subfield>
    <subfield code="u">https://digicoll.lib.berkeley.edu/record/289263/files/991033096849706532_A2517940_139.jpg</subfield>
  </datafield>
  <datafield tag="856" ind1="4" ind2=" ">
    <subfield code="9">e8880c74-78a6-4bde-87ac-fcd09df36f5f</subfield>
    <subfield code="s">3231002</subfield>
    <subfield code="u">https://digicoll.lib.berkeley.edu/record/289263/files/991033096849706532_A2517940_140.jpg</subfield>
  </datafield>
  <datafield tag="856" ind1="4" ind2=" ">
    <subfield code="9">5eec1918-ee2d-414c-befc-9a20dde2f689</subfield>
    <subfield code="s">3195069</subfield>
    <subfield code="u">https://digicoll.lib.berkeley.edu/record/289263/files/991033096849706532_A2517940_141.jpg</subfield>
  </datafield>
  <datafield tag="856" ind1="4" ind2=" ">
    <subfield code="9">e0869af3-59eb-4ea1-bc3d-d68157efce75</subfield>
    <subfield code="s">3754254</subfield>
    <subfield code="u">https://digicoll.lib.berkeley.edu/record/289263/files/991033096849706532_A2517940_142.jpg</subfield>
  </datafield>
  <datafield tag="856" ind1="4" ind2=" ">
    <subfield code="9">ec6bd97d-7f77-49f9-809b-0854b28e8ec5</subfield>
    <subfield code="s">3293348</subfield>
    <subfield code="u">https://digicoll.lib.berkeley.edu/record/289263/files/991033096849706532_A2517940_143.jpg</subfield>
  </datafield>
  <datafield tag="856" ind1="4" ind2=" ">
    <subfield code="9">c587e6e4-26f8-44aa-8892-435de7c3c6a4</subfield>
    <subfield code="s">3391543</subfield>
    <subfield code="u">https://digicoll.lib.berkeley.edu/record/289263/files/991033096849706532_A2517940_144.jpg</subfield>
  </datafield>
  <datafield tag="856" ind1="4" ind2=" ">
    <subfield code="9">429bd070-5112-490e-80a8-0645a022e02c</subfield>
    <subfield code="s">3487158</subfield>
    <subfield code="u">https://digicoll.lib.berkeley.edu/record/289263/files/991033096849706532_A2517940_145.jpg</subfield>
  </datafield>
  <datafield tag="856" ind1="4" ind2=" ">
    <subfield code="9">00f962b6-5bc7-456d-b0f4-6ad042dcf593</subfield>
    <subfield code="s">3528679</subfield>
    <subfield code="u">https://digicoll.lib.berkeley.edu/record/289263/files/991033096849706532_A2517940_146.jpg</subfield>
  </datafield>
  <datafield tag="856" ind1="4" ind2=" ">
    <subfield code="9">ba860cda-8c13-4d45-b601-0102e8228e60</subfield>
    <subfield code="s">3514790</subfield>
    <subfield code="u">https://digicoll.lib.berkeley.edu/record/289263/files/991033096849706532_A2517940_147.jpg</subfield>
  </datafield>
  <datafield tag="856" ind1="4" ind2=" ">
    <subfield code="9">a4c416b6-09f5-4251-b63e-d272113ca4fa</subfield>
    <subfield code="s">3751657</subfield>
    <subfield code="u">https://digicoll.lib.berkeley.edu/record/289263/files/991033096849706532_A2517940_148.jpg</subfield>
  </datafield>
  <datafield tag="856" ind1="4" ind2=" ">
    <subfield code="9">9780a3cb-8103-443a-b803-15d338eed6f3</subfield>
    <subfield code="s">3558900</subfield>
    <subfield code="u">https://digicoll.lib.berkeley.edu/record/289263/files/991033096849706532_A2517940_149.jpg</subfield>
  </datafield>
  <datafield tag="856" ind1="4" ind2=" ">
    <subfield code="9">61e61e0f-279d-46ba-a470-a915dadf31fc</subfield>
    <subfield code="s">3122622</subfield>
    <subfield code="u">https://digicoll.lib.berkeley.edu/record/289263/files/991033096849706532_A2517940_150.jpg</subfield>
  </datafield>
  <datafield tag="856" ind1="4" ind2=" ">
    <subfield code="9">bd0fb15d-70d4-451f-b1b4-fd72bf4477b3</subfield>
    <subfield code="s">3518836</subfield>
    <subfield code="u">https://digicoll.lib.berkeley.edu/record/289263/files/991033096849706532_A2517940_151.jpg</subfield>
  </datafield>
  <datafield tag="856" ind1="4" ind2=" ">
    <subfield code="9">8ff01b6f-05c6-4e7b-8d23-9b9905dfee38</subfield>
    <subfield code="s">3304210</subfield>
    <subfield code="u">https://digicoll.lib.berkeley.edu/record/289263/files/991033096849706532_A2517940_152.jpg</subfield>
  </datafield>
  <datafield tag="856" ind1="4" ind2=" ">
    <subfield code="9">17f48f07-36c8-4f5c-b578-4c984b7d030a</subfield>
    <subfield code="s">3541333</subfield>
    <subfield code="u">https://digicoll.lib.berkeley.edu/record/289263/files/991033096849706532_A2517940_153.jpg</subfield>
  </datafield>
  <datafield tag="856" ind1="4" ind2=" ">
    <subfield code="9">fca3af15-b39e-47c3-a970-8d0c697fea9c</subfield>
    <subfield code="s">3819507</subfield>
    <subfield code="u">https://digicoll.lib.berkeley.edu/record/289263/files/991033096849706532_A2517940_154.jpg</subfield>
  </datafield>
  <datafield tag="856" ind1="4" ind2=" ">
    <subfield code="9">5bc1cf67-3d41-4740-9e64-483b2f4c8ecb</subfield>
    <subfield code="s">2069995</subfield>
    <subfield code="u">https://digicoll.lib.berkeley.edu/record/289263/files/991033096849706532_A2517940_155.jpg</subfield>
  </datafield>
  <datafield tag="856" ind1="4" ind2=" ">
    <subfield code="9">94416ce1-94ff-4731-bbf2-31085e4d0559</subfield>
    <subfield code="s">2048277</subfield>
    <subfield code="u">https://digicoll.lib.berkeley.edu/record/289263/files/991033096849706532_A2517940_156.jpg</subfield>
  </datafield>
  <datafield tag="856" ind1="4" ind2=" ">
    <subfield code="9">15946a75-19e5-4b0b-ab6f-c64b684f2db7</subfield>
    <subfield code="s">2706281</subfield>
    <subfield code="u">https://digicoll.lib.berkeley.edu/record/289263/files/991033096849706532_A2517940_157.jpg</subfield>
  </datafield>
  <datafield tag="856" ind1="4" ind2=" ">
    <subfield code="9">0c00e05f-89cd-401c-b924-cbdaa54bc36a</subfield>
    <subfield code="s">4138193</subfield>
    <subfield code="u">https://digicoll.lib.berkeley.edu/record/289263/files/991033096849706532_A2517940_158.jpg</subfield>
  </datafield>
  <datafield tag="856" ind1="4" ind2=" ">
    <subfield code="9">74c89395-abd2-475a-957e-8996e47b3752</subfield>
    <subfield code="s">2017454</subfield>
    <subfield code="u">https://digicoll.lib.berkeley.edu/record/289263/files/991033096849706532_A2517940_159.jpg</subfield>
  </datafield>
  <datafield tag="856" ind1="4" ind2=" ">
    <subfield code="9">ae25a81b-b6b3-44f3-86e7-cc0288936e7e</subfield>
    <subfield code="s">3850509</subfield>
    <subfield code="u">https://digicoll.lib.berkeley.edu/record/289263/files/991033096849706532_A2517940_160.jpg</subfield>
  </datafield>
  <datafield tag="856" ind1="4" ind2=" ">
    <subfield code="9">2d00fd54-db89-432f-8563-d16318f9faee</subfield>
    <subfield code="s">3181977</subfield>
    <subfield code="u">https://digicoll.lib.berkeley.edu/record/289263/files/991033096849706532_A2517940_161.jpg</subfield>
  </datafield>
  <datafield tag="856" ind1="4" ind2=" ">
    <subfield code="9">1654c9af-3aea-4f9e-a59e-2e4b46be6eab</subfield>
    <subfield code="s">3338261</subfield>
    <subfield code="u">https://digicoll.lib.berkeley.edu/record/289263/files/991033096849706532_A2517940_162.jpg</subfield>
  </datafield>
  <datafield tag="856" ind1="4" ind2=" ">
    <subfield code="9">fa4c8bce-5fbf-4834-b288-a1adacac5327</subfield>
    <subfield code="s">3440871</subfield>
    <subfield code="u">https://digicoll.lib.berkeley.edu/record/289263/files/991033096849706532_A2517940_163.jpg</subfield>
  </datafield>
  <datafield tag="856" ind1="4" ind2=" ">
    <subfield code="9">18f18d87-bd7c-4f19-8764-d858103f0360</subfield>
    <subfield code="s">3157587</subfield>
    <subfield code="u">https://digicoll.lib.berkeley.edu/record/289263/files/991033096849706532_A2517940_164.jpg</subfield>
  </datafield>
  <datafield tag="856" ind1="4" ind2=" ">
    <subfield code="9">ea463b0f-e3dd-4449-9ab5-6b0ffb847afb</subfield>
    <subfield code="s">3153997</subfield>
    <subfield code="u">https://digicoll.lib.berkeley.edu/record/289263/files/991033096849706532_A2517940_165.jpg</subfield>
  </datafield>
  <datafield tag="856" ind1="4" ind2=" ">
    <subfield code="9">d93e6f8c-0793-45f4-aecf-58b39716b7ec</subfield>
    <subfield code="s">3171758</subfield>
    <subfield code="u">https://digicoll.lib.berkeley.edu/record/289263/files/991033096849706532_A2517940_166.jpg</subfield>
  </datafield>
  <datafield tag="856" ind1="4" ind2=" ">
    <subfield code="9">2e272c06-5659-4cff-9cea-6a9f35964d2e</subfield>
    <subfield code="s">3147570</subfield>
    <subfield code="u">https://digicoll.lib.berkeley.edu/record/289263/files/991033096849706532_A2517940_167.jpg</subfield>
  </datafield>
  <datafield tag="856" ind1="4" ind2=" ">
    <subfield code="9">ba93b1c1-22c6-41f4-8544-adb17b6246c9</subfield>
    <subfield code="s">3048157</subfield>
    <subfield code="u">https://digicoll.lib.berkeley.edu/record/289263/files/991033096849706532_A2517940_168.jpg</subfield>
  </datafield>
  <datafield tag="856" ind1="4" ind2=" ">
    <subfield code="9">0c706d82-9420-42c3-be9a-3eae6d1cec4f</subfield>
    <subfield code="s">3148388</subfield>
    <subfield code="u">https://digicoll.lib.berkeley.edu/record/289263/files/991033096849706532_A2517940_169.jpg</subfield>
  </datafield>
  <datafield tag="856" ind1="4" ind2=" ">
    <subfield code="9">058c14c4-3982-40eb-a0d6-b00f6778033f</subfield>
    <subfield code="s">3557548</subfield>
    <subfield code="u">https://digicoll.lib.berkeley.edu/record/289263/files/991033096849706532_A2517940_170.jpg</subfield>
  </datafield>
  <datafield tag="856" ind1="4" ind2=" ">
    <subfield code="9">632ad3b6-b93e-4227-997a-748b6e62def8</subfield>
    <subfield code="s">3368151</subfield>
    <subfield code="u">https://digicoll.lib.berkeley.edu/record/289263/files/991033096849706532_A2517940_171.jpg</subfield>
  </datafield>
  <datafield tag="856" ind1="4" ind2=" ">
    <subfield code="9">1818fdc9-9df3-49de-91aa-e82d1c6a2694</subfield>
    <subfield code="s">3621455</subfield>
    <subfield code="u">https://digicoll.lib.berkeley.edu/record/289263/files/991033096849706532_A2517940_172.jpg</subfield>
  </datafield>
  <datafield tag="856" ind1="4" ind2=" ">
    <subfield code="9">5e126ea0-6d66-4284-a8de-ba110ee9db95</subfield>
    <subfield code="s">3229088</subfield>
    <subfield code="u">https://digicoll.lib.berkeley.edu/record/289263/files/991033096849706532_A2517940_173.jpg</subfield>
  </datafield>
  <datafield tag="856" ind1="4" ind2=" ">
    <subfield code="9">c54c3f09-ba79-4de8-8a8a-581198d73cdf</subfield>
    <subfield code="s">3220881</subfield>
    <subfield code="u">https://digicoll.lib.berkeley.edu/record/289263/files/991033096849706532_A2517940_174.jpg</subfield>
  </datafield>
  <datafield tag="856" ind1="4" ind2=" ">
    <subfield code="9">8c3c48f8-fd1a-4600-a006-5fd67e345614</subfield>
    <subfield code="s">3091054</subfield>
    <subfield code="u">https://digicoll.lib.berkeley.edu/record/289263/files/991033096849706532_A2517940_175.jpg</subfield>
  </datafield>
  <datafield tag="856" ind1="4" ind2=" ">
    <subfield code="9">342e632c-09ab-442c-b7b9-a93f4cff6a86</subfield>
    <subfield code="s">2969823</subfield>
    <subfield code="u">https://digicoll.lib.berkeley.edu/record/289263/files/991033096849706532_A2517940_176.jpg</subfield>
  </datafield>
  <datafield tag="856" ind1="4" ind2=" ">
    <subfield code="9">2a87dca0-af63-49b4-8ded-4b41e90e41db</subfield>
    <subfield code="s">3306711</subfield>
    <subfield code="u">https://digicoll.lib.berkeley.edu/record/289263/files/991033096849706532_A2517940_177.jpg</subfield>
  </datafield>
  <datafield tag="856" ind1="4" ind2=" ">
    <subfield code="9">3ad72df6-62c2-4ad0-935c-dfae4cadb752</subfield>
    <subfield code="s">3693485</subfield>
    <subfield code="u">https://digicoll.lib.berkeley.edu/record/289263/files/991033096849706532_A2517940_178.jpg</subfield>
  </datafield>
  <datafield tag="856" ind1="4" ind2=" ">
    <subfield code="9">64324022-6ef6-43e7-be96-25d4d147554a</subfield>
    <subfield code="s">3436479</subfield>
    <subfield code="u">https://digicoll.lib.berkeley.edu/record/289263/files/991033096849706532_A2517940_179.jpg</subfield>
  </datafield>
  <datafield tag="856" ind1="4" ind2=" ">
    <subfield code="9">e34a6637-9667-489e-bdd0-a65021818c7e</subfield>
    <subfield code="s">3162370</subfield>
    <subfield code="u">https://digicoll.lib.berkeley.edu/record/289263/files/991033096849706532_A2517940_180.jpg</subfield>
  </datafield>
  <datafield tag="856" ind1="4" ind2=" ">
    <subfield code="9">39e1d2e8-06af-49be-b484-49e22b12c292</subfield>
    <subfield code="s">2854799</subfield>
    <subfield code="u">https://digicoll.lib.berkeley.edu/record/289263/files/991033096849706532_A2517940_181.jpg</subfield>
  </datafield>
  <datafield tag="856" ind1="4" ind2=" ">
    <subfield code="9">703f1b77-98f1-45f6-806c-d31fa5357957</subfield>
    <subfield code="s">3367324</subfield>
    <subfield code="u">https://digicoll.lib.berkeley.edu/record/289263/files/991033096849706532_A2517940_182.jpg</subfield>
  </datafield>
  <datafield tag="856" ind1="4" ind2=" ">
    <subfield code="9">b3101023-32f5-4fd9-8ecd-470ac589a651</subfield>
    <subfield code="s">3036627</subfield>
    <subfield code="u">https://digicoll.lib.berkeley.edu/record/289263/files/991033096849706532_A2517940_183.jpg</subfield>
  </datafield>
  <datafield tag="856" ind1="4" ind2=" ">
    <subfield code="9">5ab5063a-a64e-4f16-bade-d988c5ff938e</subfield>
    <subfield code="s">3625228</subfield>
    <subfield code="u">https://digicoll.lib.berkeley.edu/record/289263/files/991033096849706532_A2517940_184.jpg</subfield>
  </datafield>
  <datafield tag="856" ind1="4" ind2=" ">
    <subfield code="9">298bd45a-52dc-4d49-938a-e4f4130e7187</subfield>
    <subfield code="s">3058538</subfield>
    <subfield code="u">https://digicoll.lib.berkeley.edu/record/289263/files/991033096849706532_A2517940_185.jpg</subfield>
  </datafield>
  <datafield tag="856" ind1="4" ind2=" ">
    <subfield code="9">40d1cba1-5fc5-4aa5-9a2d-731bffce76d6</subfield>
    <subfield code="s">3386341</subfield>
    <subfield code="u">https://digicoll.lib.berkeley.edu/record/289263/files/991033096849706532_A2517940_186.jpg</subfield>
  </datafield>
  <datafield tag="856" ind1="4" ind2=" ">
    <subfield code="9">6969ea7b-f4c8-498e-a901-43ced856c5db</subfield>
    <subfield code="s">3544779</subfield>
    <subfield code="u">https://digicoll.lib.berkeley.edu/record/289263/files/991033096849706532_A2517940_187.jpg</subfield>
  </datafield>
  <datafield tag="856" ind1="4" ind2=" ">
    <subfield code="9">eeeaa86d-69f5-4e0b-a740-a096d7cc7a8a</subfield>
    <subfield code="s">3664810</subfield>
    <subfield code="u">https://digicoll.lib.berkeley.edu/record/289263/files/991033096849706532_A2517940_188.jpg</subfield>
  </datafield>
  <datafield tag="856" ind1="4" ind2=" ">
    <subfield code="9">80412877-1c1a-4c83-a0b9-46b6e59c08b6</subfield>
    <subfield code="s">3025372</subfield>
    <subfield code="u">https://digicoll.lib.berkeley.edu/record/289263/files/991033096849706532_A2517940_189.jpg</subfield>
  </datafield>
  <datafield tag="856" ind1="4" ind2=" ">
    <subfield code="9">f57176fd-cfae-469b-8256-bdf96333b353</subfield>
    <subfield code="s">3544227</subfield>
    <subfield code="u">https://digicoll.lib.berkeley.edu/record/289263/files/991033096849706532_A2517940_190.jpg</subfield>
  </datafield>
  <datafield tag="856" ind1="4" ind2=" ">
    <subfield code="9">c0a5fdbd-41c6-456e-a21b-30df033fd1ca</subfield>
    <subfield code="s">3227552</subfield>
    <subfield code="u">https://digicoll.lib.berkeley.edu/record/289263/files/991033096849706532_A2517940_191.jpg</subfield>
  </datafield>
  <datafield tag="856" ind1="4" ind2=" ">
    <subfield code="9">ef3a183f-7dad-4e80-9491-5bb91af03aea</subfield>
    <subfield code="s">3683655</subfield>
    <subfield code="u">https://digicoll.lib.berkeley.edu/record/289263/files/991033096849706532_A2517940_192.jpg</subfield>
  </datafield>
  <datafield tag="856" ind1="4" ind2=" ">
    <subfield code="9">b3c3c007-8f06-4e01-95d8-990e3411a6d8</subfield>
    <subfield code="s">3417597</subfield>
    <subfield code="u">https://digicoll.lib.berkeley.edu/record/289263/files/991033096849706532_A2517940_193.jpg</subfield>
  </datafield>
  <datafield tag="856" ind1="4" ind2=" ">
    <subfield code="9">f5b0aae9-0e18-4653-8868-367660a41328</subfield>
    <subfield code="s">3649537</subfield>
    <subfield code="u">https://digicoll.lib.berkeley.edu/record/289263/files/991033096849706532_A2517940_194.jpg</subfield>
  </datafield>
  <datafield tag="856" ind1="4" ind2=" ">
    <subfield code="9">375fa9cc-a9d9-45d6-a1dc-252603dc0da9</subfield>
    <subfield code="s">3334836</subfield>
    <subfield code="u">https://digicoll.lib.berkeley.edu/record/289263/files/991033096849706532_A2517940_195.jpg</subfield>
  </datafield>
  <datafield tag="856" ind1="4" ind2=" ">
    <subfield code="9">60ebe03b-9001-464f-a370-362749e568ef</subfield>
    <subfield code="s">3403038</subfield>
    <subfield code="u">https://digicoll.lib.berkeley.edu/record/289263/files/991033096849706532_A2517940_196.jpg</subfield>
  </datafield>
  <datafield tag="856" ind1="4" ind2=" ">
    <subfield code="9">17449d7e-3c0a-4c88-877d-4f25441c6c72</subfield>
    <subfield code="s">3236727</subfield>
    <subfield code="u">https://digicoll.lib.berkeley.edu/record/289263/files/991033096849706532_A2517940_197.jpg</subfield>
  </datafield>
  <datafield tag="856" ind1="4" ind2=" ">
    <subfield code="9">899ae024-bd3e-4aba-8e68-173460e75512</subfield>
    <subfield code="s">3338984</subfield>
    <subfield code="u">https://digicoll.lib.berkeley.edu/record/289263/files/991033096849706532_A2517940_198.jpg</subfield>
  </datafield>
  <datafield tag="856" ind1="4" ind2=" ">
    <subfield code="9">c4526558-4405-4c1a-9534-6e2a52b7d522</subfield>
    <subfield code="s">3358190</subfield>
    <subfield code="u">https://digicoll.lib.berkeley.edu/record/289263/files/991033096849706532_A2517940_199.jpg</subfield>
  </datafield>
  <datafield tag="856" ind1="4" ind2=" ">
    <subfield code="9">b673911e-5366-4ee9-8a50-3946c441a70f</subfield>
    <subfield code="s">3620471</subfield>
    <subfield code="u">https://digicoll.lib.berkeley.edu/record/289263/files/991033096849706532_A2517940_200.jpg</subfield>
  </datafield>
  <datafield tag="856" ind1="4" ind2=" ">
    <subfield code="9">001909b7-5df9-46cd-92d1-7503ebb34c05</subfield>
    <subfield code="s">3471329</subfield>
    <subfield code="u">https://digicoll.lib.berkeley.edu/record/289263/files/991033096849706532_A2517940_201.jpg</subfield>
  </datafield>
  <datafield tag="856" ind1="4" ind2=" ">
    <subfield code="9">da20ced9-7fac-407c-9366-ce55816a6242</subfield>
    <subfield code="s">3560438</subfield>
    <subfield code="u">https://digicoll.lib.berkeley.edu/record/289263/files/991033096849706532_A2517940_202.jpg</subfield>
  </datafield>
  <datafield tag="856" ind1="4" ind2=" ">
    <subfield code="9">2ad2253b-c980-40ab-a4b8-7f2f2f840e44</subfield>
    <subfield code="s">3674266</subfield>
    <subfield code="u">https://digicoll.lib.berkeley.edu/record/289263/files/991033096849706532_A2517940_203.jpg</subfield>
  </datafield>
  <datafield tag="856" ind1="4" ind2=" ">
    <subfield code="9">3ecf7b11-f723-48ea-8766-38bfc8374a4f</subfield>
    <subfield code="s">3490356</subfield>
    <subfield code="u">https://digicoll.lib.berkeley.edu/record/289263/files/991033096849706532_A2517940_204.jpg</subfield>
  </datafield>
  <datafield tag="856" ind1="4" ind2=" ">
    <subfield code="9">74a4633c-7419-4faa-8cef-ae1f5625ae3f</subfield>
    <subfield code="s">3412035</subfield>
    <subfield code="u">https://digicoll.lib.berkeley.edu/record/289263/files/991033096849706532_A2517940_205.jpg</subfield>
  </datafield>
  <datafield tag="856" ind1="4" ind2=" ">
    <subfield code="9">fda1f07a-eb97-4ca3-a88d-0812d7b5107b</subfield>
    <subfield code="s">3276203</subfield>
    <subfield code="u">https://digicoll.lib.berkeley.edu/record/289263/files/991033096849706532_A2517940_206.jpg</subfield>
  </datafield>
  <datafield tag="856" ind1="4" ind2=" ">
    <subfield code="9">42d9449e-cc0b-4431-9d36-11adeafde212</subfield>
    <subfield code="s">3519981</subfield>
    <subfield code="u">https://digicoll.lib.berkeley.edu/record/289263/files/991033096849706532_A2517940_207.jpg</subfield>
  </datafield>
  <datafield tag="856" ind1="4" ind2=" ">
    <subfield code="9">426c4d46-b596-44b8-837e-118aaf1888b5</subfield>
    <subfield code="s">2091091</subfield>
    <subfield code="u">https://digicoll.lib.berkeley.edu/record/289263/files/991033096849706532_A2517940_208.jpg</subfield>
  </datafield>
  <datafield tag="856" ind1="4" ind2=" ">
    <subfield code="9">185c0629-8893-4d4a-bb02-3ad02be897ac</subfield>
    <subfield code="s">2623714</subfield>
    <subfield code="u">https://digicoll.lib.berkeley.edu/record/289263/files/991033096849706532_A2517940_209.jpg</subfield>
  </datafield>
  <datafield tag="856" ind1="4" ind2=" ">
    <subfield code="9">2649aafb-738c-44e5-b992-cf1e8d549e10</subfield>
    <subfield code="s">3984195</subfield>
    <subfield code="u">https://digicoll.lib.berkeley.edu/record/289263/files/991033096849706532_A2517940_210.jpg</subfield>
  </datafield>
  <datafield tag="856" ind1="4" ind2=" ">
    <subfield code="9">f79067fd-b7e0-46bc-9577-ced40ad99438</subfield>
    <subfield code="s">2097742</subfield>
    <subfield code="u">https://digicoll.lib.berkeley.edu/record/289263/files/991033096849706532_A2517940_211.jpg</subfield>
  </datafield>
  <datafield tag="856" ind1="4" ind2=" ">
    <subfield code="9">75c49fee-3d3e-4dfa-bb7b-fc193efe465a</subfield>
    <subfield code="s">3428346</subfield>
    <subfield code="u">https://digicoll.lib.berkeley.edu/record/289263/files/991033096849706532_A2517940_212.jpg</subfield>
  </datafield>
  <datafield tag="856" ind1="4" ind2=" ">
    <subfield code="9">7ef748df-d4fe-4330-b34b-54c9027013e0</subfield>
    <subfield code="s">3307798</subfield>
    <subfield code="u">https://digicoll.lib.berkeley.edu/record/289263/files/991033096849706532_A2517940_213.jpg</subfield>
  </datafield>
  <datafield tag="856" ind1="4" ind2=" ">
    <subfield code="9">87a891cf-dcbb-459e-bc8f-02825e87b7fa</subfield>
    <subfield code="s">3511485</subfield>
    <subfield code="u">https://digicoll.lib.berkeley.edu/record/289263/files/991033096849706532_A2517940_214.jpg</subfield>
  </datafield>
  <datafield tag="856" ind1="4" ind2=" ">
    <subfield code="9">888b4330-6768-4409-a31f-825f36b2d5ad</subfield>
    <subfield code="s">2989796</subfield>
    <subfield code="u">https://digicoll.lib.berkeley.edu/record/289263/files/991033096849706532_A2517940_215.jpg</subfield>
  </datafield>
  <datafield tag="856" ind1="4" ind2=" ">
    <subfield code="9">73256e0b-6b16-4735-99c6-c3b3859c776a</subfield>
    <subfield code="s">3289770</subfield>
    <subfield code="u">https://digicoll.lib.berkeley.edu/record/289263/files/991033096849706532_A2517940_216.jpg</subfield>
  </datafield>
  <datafield tag="856" ind1="4" ind2=" ">
    <subfield code="9">b3555536-b753-4748-aaa4-4bf93a9adb92</subfield>
    <subfield code="s">3157568</subfield>
    <subfield code="u">https://digicoll.lib.berkeley.edu/record/289263/files/991033096849706532_A2517940_217.jpg</subfield>
  </datafield>
  <datafield tag="856" ind1="4" ind2=" ">
    <subfield code="9">f22171c5-85af-49cb-a8c1-b6cb6d295d96</subfield>
    <subfield code="s">3335640</subfield>
    <subfield code="u">https://digicoll.lib.berkeley.edu/record/289263/files/991033096849706532_A2517940_218.jpg</subfield>
  </datafield>
  <datafield tag="856" ind1="4" ind2=" ">
    <subfield code="9">10405542-6b69-4517-8d99-55478afa6425</subfield>
    <subfield code="s">3410593</subfield>
    <subfield code="u">https://digicoll.lib.berkeley.edu/record/289263/files/991033096849706532_A2517940_219.jpg</subfield>
  </datafield>
  <datafield tag="856" ind1="4" ind2=" ">
    <subfield code="9">615083c6-a5ca-4f71-b970-c66c04e5f6cc</subfield>
    <subfield code="s">3353200</subfield>
    <subfield code="u">https://digicoll.lib.berkeley.edu/record/289263/files/991033096849706532_A2517940_220.jpg</subfield>
  </datafield>
  <datafield tag="856" ind1="4" ind2=" ">
    <subfield code="9">b26e2aeb-f1ca-4a11-9f56-0b37d2791651</subfield>
    <subfield code="s">3476093</subfield>
    <subfield code="u">https://digicoll.lib.berkeley.edu/record/289263/files/991033096849706532_A2517940_221.jpg</subfield>
  </datafield>
  <datafield tag="856" ind1="4" ind2=" ">
    <subfield code="9">cc1aa07c-3b57-4be7-a698-c37a0f1a9361</subfield>
    <subfield code="s">3268517</subfield>
    <subfield code="u">https://digicoll.lib.berkeley.edu/record/289263/files/991033096849706532_A2517940_222.jpg</subfield>
  </datafield>
  <datafield tag="856" ind1="4" ind2=" ">
    <subfield code="9">5423b643-398f-44ca-9b48-24bae9098cee</subfield>
    <subfield code="s">3101711</subfield>
    <subfield code="u">https://digicoll.lib.berkeley.edu/record/289263/files/991033096849706532_A2517940_223.jpg</subfield>
  </datafield>
  <datafield tag="856" ind1="4" ind2=" ">
    <subfield code="9">827ea67a-0e51-4476-9d5d-853d161c8834</subfield>
    <subfield code="s">2948416</subfield>
    <subfield code="u">https://digicoll.lib.berkeley.edu/record/289263/files/991033096849706532_A2517940_224.jpg</subfield>
  </datafield>
  <datafield tag="856" ind1="4" ind2=" ">
    <subfield code="9">87d07ce4-ae09-4d0c-8147-ec0f52b5918e</subfield>
    <subfield code="s">3266986</subfield>
    <subfield code="u">https://digicoll.lib.berkeley.edu/record/289263/files/991033096849706532_A2517940_225.jpg</subfield>
  </datafield>
  <datafield tag="856" ind1="4" ind2=" ">
    <subfield code="9">2659ae1c-014c-429e-bf16-00398aedba16</subfield>
    <subfield code="s">3338844</subfield>
    <subfield code="u">https://digicoll.lib.berkeley.edu/record/289263/files/991033096849706532_A2517940_226.jpg</subfield>
  </datafield>
  <datafield tag="856" ind1="4" ind2=" ">
    <subfield code="9">42f1e7cc-963a-4db8-8ed8-21b28b23bcb1</subfield>
    <subfield code="s">3372674</subfield>
    <subfield code="u">https://digicoll.lib.berkeley.edu/record/289263/files/991033096849706532_A2517940_227.jpg</subfield>
  </datafield>
  <datafield tag="856" ind1="4" ind2=" ">
    <subfield code="9">f3439a6e-261b-4e37-b00f-d1e100b53b1b</subfield>
    <subfield code="s">3351780</subfield>
    <subfield code="u">https://digicoll.lib.berkeley.edu/record/289263/files/991033096849706532_A2517940_228.jpg</subfield>
  </datafield>
  <datafield tag="856" ind1="4" ind2=" ">
    <subfield code="9">7f34f2f8-bb31-49bc-a205-751fafd3e6c2</subfield>
    <subfield code="s">3176136</subfield>
    <subfield code="u">https://digicoll.lib.berkeley.edu/record/289263/files/991033096849706532_A2517940_229.jpg</subfield>
  </datafield>
  <datafield tag="856" ind1="4" ind2=" ">
    <subfield code="9">8e6aac4a-bd7b-4d3d-a6b6-e251724b353d</subfield>
    <subfield code="s">3518788</subfield>
    <subfield code="u">https://digicoll.lib.berkeley.edu/record/289263/files/991033096849706532_A2517940_230.jpg</subfield>
  </datafield>
  <datafield tag="856" ind1="4" ind2=" ">
    <subfield code="9">1877c0af-ba20-4569-a298-1ec3a018f2df</subfield>
    <subfield code="s">3497966</subfield>
    <subfield code="u">https://digicoll.lib.berkeley.edu/record/289263/files/991033096849706532_A2517940_231.jpg</subfield>
  </datafield>
  <datafield tag="856" ind1="4" ind2=" ">
    <subfield code="9">952817c5-4ac8-4cc9-808e-9c4fe8586df2</subfield>
    <subfield code="s">3198214</subfield>
    <subfield code="u">https://digicoll.lib.berkeley.edu/record/289263/files/991033096849706532_A2517940_232.jpg</subfield>
  </datafield>
  <datafield tag="856" ind1="4" ind2=" ">
    <subfield code="9">aafa7a22-fcb2-4d80-92b2-4268ae96ad2e</subfield>
    <subfield code="s">3187893</subfield>
    <subfield code="u">https://digicoll.lib.berkeley.edu/record/289263/files/991033096849706532_A2517940_233.jpg</subfield>
  </datafield>
  <datafield tag="856" ind1="4" ind2=" ">
    <subfield code="9">10befcdc-33bf-4a9e-844c-7ca95f5e45c7</subfield>
    <subfield code="s">3243319</subfield>
    <subfield code="u">https://digicoll.lib.berkeley.edu/record/289263/files/991033096849706532_A2517940_234.jpg</subfield>
  </datafield>
  <datafield tag="856" ind1="4" ind2=" ">
    <subfield code="9">3b01a571-0ba1-40ad-9245-732998e68411</subfield>
    <subfield code="s">3605335</subfield>
    <subfield code="u">https://digicoll.lib.berkeley.edu/record/289263/files/991033096849706532_A2517940_235.jpg</subfield>
  </datafield>
  <datafield tag="856" ind1="4" ind2=" ">
    <subfield code="9">d5ee23be-a421-4ecd-8158-00844e160de9</subfield>
    <subfield code="s">2972990</subfield>
    <subfield code="u">https://digicoll.lib.berkeley.edu/record/289263/files/991033096849706532_A2517940_236.jpg</subfield>
  </datafield>
  <datafield tag="856" ind1="4" ind2=" ">
    <subfield code="9">3ae5323e-3cf7-47c3-a74b-bb8502dd1758</subfield>
    <subfield code="s">3499473</subfield>
    <subfield code="u">https://digicoll.lib.berkeley.edu/record/289263/files/991033096849706532_A2517940_237.jpg</subfield>
  </datafield>
  <datafield tag="856" ind1="4" ind2=" ">
    <subfield code="9">10d0812e-433f-41d5-ad4b-5bab77a7e06b</subfield>
    <subfield code="s">3281253</subfield>
    <subfield code="u">https://digicoll.lib.berkeley.edu/record/289263/files/991033096849706532_A2517940_238.jpg</subfield>
  </datafield>
  <datafield tag="856" ind1="4" ind2=" ">
    <subfield code="9">401d2ab9-5b94-415b-9f72-8d80de483c67</subfield>
    <subfield code="s">3125685</subfield>
    <subfield code="u">https://digicoll.lib.berkeley.edu/record/289263/files/991033096849706532_A2517940_239.jpg</subfield>
  </datafield>
  <datafield tag="856" ind1="4" ind2=" ">
    <subfield code="9">8f8f4b70-ddff-4e10-8e29-fa9e263968d7</subfield>
    <subfield code="s">3320225</subfield>
    <subfield code="u">https://digicoll.lib.berkeley.edu/record/289263/files/991033096849706532_A2517940_240.jpg</subfield>
  </datafield>
  <datafield tag="856" ind1="4" ind2=" ">
    <subfield code="9">39c27239-58ee-4f0f-9fa0-a9957a1896b8</subfield>
    <subfield code="s">3672518</subfield>
    <subfield code="u">https://digicoll.lib.berkeley.edu/record/289263/files/991033096849706532_A2517940_241.jpg</subfield>
  </datafield>
  <datafield tag="856" ind1="4" ind2=" ">
    <subfield code="9">c9444e70-d169-49fc-91ad-ae6a1781eb40</subfield>
    <subfield code="s">3395183</subfield>
    <subfield code="u">https://digicoll.lib.berkeley.edu/record/289263/files/991033096849706532_A2517940_242.jpg</subfield>
  </datafield>
  <datafield tag="856" ind1="4" ind2=" ">
    <subfield code="9">7a98c1c9-a634-4796-b9eb-55c9816ae0dd</subfield>
    <subfield code="s">3311098</subfield>
    <subfield code="u">https://digicoll.lib.berkeley.edu/record/289263/files/991033096849706532_A2517940_243.jpg</subfield>
  </datafield>
  <datafield tag="856" ind1="4" ind2=" ">
    <subfield code="9">61481561-f4a6-4db4-81ea-5a61edffd99c</subfield>
    <subfield code="s">3486349</subfield>
    <subfield code="u">https://digicoll.lib.berkeley.edu/record/289263/files/991033096849706532_A2517940_244.jpg</subfield>
  </datafield>
  <datafield tag="856" ind1="4" ind2=" ">
    <subfield code="9">9f693ad2-5ad1-489c-8482-c937b80707df</subfield>
    <subfield code="s">3570939</subfield>
    <subfield code="u">https://digicoll.lib.berkeley.edu/record/289263/files/991033096849706532_A2517940_245.jpg</subfield>
  </datafield>
  <datafield tag="856" ind1="4" ind2=" ">
    <subfield code="9">25bf3c60-6de9-4aa5-8950-3d32c0353d7d</subfield>
    <subfield code="s">3338839</subfield>
    <subfield code="u">https://digicoll.lib.berkeley.edu/record/289263/files/991033096849706532_A2517940_246.jpg</subfield>
  </datafield>
  <datafield tag="856" ind1="4" ind2=" ">
    <subfield code="9">28a565ef-8791-42ad-abcd-30b68df3d80d</subfield>
    <subfield code="s">3202413</subfield>
    <subfield code="u">https://digicoll.lib.berkeley.edu/record/289263/files/991033096849706532_A2517940_247.jpg</subfield>
  </datafield>
  <datafield tag="856" ind1="4" ind2=" ">
    <subfield code="9">db8598af-b8d7-4711-b0c3-0390f5a9114a</subfield>
    <subfield code="s">3549455</subfield>
    <subfield code="u">https://digicoll.lib.berkeley.edu/record/289263/files/991033096849706532_A2517940_248.jpg</subfield>
  </datafield>
  <datafield tag="856" ind1="4" ind2=" ">
    <subfield code="9">ab5df74e-a20e-40d6-8813-0645f65ece8b</subfield>
    <subfield code="s">3110498</subfield>
    <subfield code="u">https://digicoll.lib.berkeley.edu/record/289263/files/991033096849706532_A2517940_249.jpg</subfield>
  </datafield>
  <datafield tag="856" ind1="4" ind2=" ">
    <subfield code="9">a575faa7-6e9f-4522-a091-ddf507e5868e</subfield>
    <subfield code="s">3083022</subfield>
    <subfield code="u">https://digicoll.lib.berkeley.edu/record/289263/files/991033096849706532_A2517940_250.jpg</subfield>
  </datafield>
  <datafield tag="856" ind1="4" ind2=" ">
    <subfield code="9">4fb1e8ff-a829-42ce-8884-4fa93951c5f3</subfield>
    <subfield code="s">3330596</subfield>
    <subfield code="u">https://digicoll.lib.berkeley.edu/record/289263/files/991033096849706532_A2517940_251.jpg</subfield>
  </datafield>
  <datafield tag="856" ind1="4" ind2=" ">
    <subfield code="9">05cd9b5e-92ba-4b4a-899c-06fa2726df70</subfield>
    <subfield code="s">3128076</subfield>
    <subfield code="u">https://digicoll.lib.berkeley.edu/record/289263/files/991033096849706532_A2517940_252.jpg</subfield>
  </datafield>
  <datafield tag="856" ind1="4" ind2=" ">
    <subfield code="9">cbdcd8ce-03d4-427d-a1cf-0f82386918a9</subfield>
    <subfield code="s">3591347</subfield>
    <subfield code="u">https://digicoll.lib.berkeley.edu/record/289263/files/991033096849706532_A2517940_253.jpg</subfield>
  </datafield>
  <datafield tag="856" ind1="4" ind2=" ">
    <subfield code="9">6dddf055-edb1-4aef-a544-bad3fbbdca94</subfield>
    <subfield code="s">3323842</subfield>
    <subfield code="u">https://digicoll.lib.berkeley.edu/record/289263/files/991033096849706532_A2517940_254.jpg</subfield>
  </datafield>
  <datafield tag="856" ind1="4" ind2=" ">
    <subfield code="9">079a6db8-01d6-4bd6-8e0f-83ae17c9a887</subfield>
    <subfield code="s">3472912</subfield>
    <subfield code="u">https://digicoll.lib.berkeley.edu/record/289263/files/991033096849706532_A2517940_255.jpg</subfield>
  </datafield>
  <datafield tag="856" ind1="4" ind2=" ">
    <subfield code="9">71a09121-34a5-42af-a922-bd284034eef3</subfield>
    <subfield code="s">3422504</subfield>
    <subfield code="u">https://digicoll.lib.berkeley.edu/record/289263/files/991033096849706532_A2517940_256.jpg</subfield>
  </datafield>
  <datafield tag="856" ind1="4" ind2=" ">
    <subfield code="9">9dddde50-7ff3-4dd7-9867-ca923ea7ed17</subfield>
    <subfield code="s">3112777</subfield>
    <subfield code="u">https://digicoll.lib.berkeley.edu/record/289263/files/991033096849706532_A2517940_257.jpg</subfield>
  </datafield>
  <datafield tag="856" ind1="4" ind2=" ">
    <subfield code="9">76bb5f49-4e04-4e5c-b6ef-0c638f97ff4b</subfield>
    <subfield code="s">3359383</subfield>
    <subfield code="u">https://digicoll.lib.berkeley.edu/record/289263/files/991033096849706532_A2517940_258.jpg</subfield>
  </datafield>
  <datafield tag="856" ind1="4" ind2=" ">
    <subfield code="9">087c652c-fa50-4dd2-9199-ec6185f9eab2</subfield>
    <subfield code="s">3334778</subfield>
    <subfield code="u">https://digicoll.lib.berkeley.edu/record/289263/files/991033096849706532_A2517940_259.jpg</subfield>
  </datafield>
  <datafield tag="856" ind1="4" ind2=" ">
    <subfield code="9">a6f6fef9-b2aa-4524-8c23-d4c52cb7af8a</subfield>
    <subfield code="s">3496819</subfield>
    <subfield code="u">https://digicoll.lib.berkeley.edu/record/289263/files/991033096849706532_A2517940_260.jpg</subfield>
  </datafield>
  <datafield tag="856" ind1="4" ind2=" ">
    <subfield code="9">bed87d48-d181-4bea-a2be-9806f26b9e33</subfield>
    <subfield code="s">3230623</subfield>
    <subfield code="u">https://digicoll.lib.berkeley.edu/record/289263/files/991033096849706532_A2517940_261.jpg</subfield>
  </datafield>
  <datafield tag="856" ind1="4" ind2=" ">
    <subfield code="9">866d61cd-26f4-4627-80c5-4946486fc362</subfield>
    <subfield code="s">3417099</subfield>
    <subfield code="u">https://digicoll.lib.berkeley.edu/record/289263/files/991033096849706532_A2517940_262.jpg</subfield>
  </datafield>
  <datafield tag="856" ind1="4" ind2=" ">
    <subfield code="9">5d57df4d-668e-44e7-8d8e-d51bae25c1f1</subfield>
    <subfield code="s">3370039</subfield>
    <subfield code="u">https://digicoll.lib.berkeley.edu/record/289263/files/991033096849706532_A2517940_263.jpg</subfield>
  </datafield>
  <datafield tag="856" ind1="4" ind2=" ">
    <subfield code="9">305be814-a6f0-44dd-99ba-762e40eaf71c</subfield>
    <subfield code="s">3390242</subfield>
    <subfield code="u">https://digicoll.lib.berkeley.edu/record/289263/files/991033096849706532_A2517940_264.jpg</subfield>
  </datafield>
  <datafield tag="856" ind1="4" ind2=" ">
    <subfield code="9">f3777424-ee82-4667-8b3e-2ace25470788</subfield>
    <subfield code="s">3044578</subfield>
    <subfield code="u">https://digicoll.lib.berkeley.edu/record/289263/files/991033096849706532_A2517940_265.jpg</subfield>
  </datafield>
  <datafield tag="856" ind1="4" ind2=" ">
    <subfield code="9">41f41579-d44d-4508-9c5f-f619b476a266</subfield>
    <subfield code="s">3538190</subfield>
    <subfield code="u">https://digicoll.lib.berkeley.edu/record/289263/files/991033096849706532_A2517940_266.jpg</subfield>
  </datafield>
  <datafield tag="856" ind1="4" ind2=" ">
    <subfield code="9">2821b2f4-a24a-4d60-b4a4-0142bdfc9448</subfield>
    <subfield code="s">3403034</subfield>
    <subfield code="u">https://digicoll.lib.berkeley.edu/record/289263/files/991033096849706532_A2517940_267.jpg</subfield>
  </datafield>
  <datafield tag="856" ind1="4" ind2=" ">
    <subfield code="9">40ff7089-15ca-4678-83fa-ef22fedd943d</subfield>
    <subfield code="s">3418223</subfield>
    <subfield code="u">https://digicoll.lib.berkeley.edu/record/289263/files/991033096849706532_A2517940_268.jpg</subfield>
  </datafield>
  <datafield tag="856" ind1="4" ind2=" ">
    <subfield code="9">0a369c7d-9a18-4891-a731-f9231c8d3bad</subfield>
    <subfield code="s">3544358</subfield>
    <subfield code="u">https://digicoll.lib.berkeley.edu/record/289263/files/991033096849706532_A2517940_269.jpg</subfield>
  </datafield>
  <datafield tag="856" ind1="4" ind2=" ">
    <subfield code="9">eb3b3d4a-589a-4ff2-bdef-384765bc32a1</subfield>
    <subfield code="s">3368358</subfield>
    <subfield code="u">https://digicoll.lib.berkeley.edu/record/289263/files/991033096849706532_A2517940_270.jpg</subfield>
  </datafield>
  <datafield tag="856" ind1="4" ind2=" ">
    <subfield code="9">0defa79b-49de-4937-9e8f-76c6fc52608f</subfield>
    <subfield code="s">3223232</subfield>
    <subfield code="u">https://digicoll.lib.berkeley.edu/record/289263/files/991033096849706532_A2517940_271.jpg</subfield>
  </datafield>
  <datafield tag="856" ind1="4" ind2=" ">
    <subfield code="9">3288fb8e-6c2c-4fbc-9b5b-c93062523ad2</subfield>
    <subfield code="s">3182249</subfield>
    <subfield code="u">https://digicoll.lib.berkeley.edu/record/289263/files/991033096849706532_A2517940_272.jpg</subfield>
  </datafield>
  <datafield tag="856" ind1="4" ind2=" ">
    <subfield code="9">81800ceb-d856-4c3e-8489-219dbf38262e</subfield>
    <subfield code="s">3272475</subfield>
    <subfield code="u">https://digicoll.lib.berkeley.edu/record/289263/files/991033096849706532_A2517940_273.jpg</subfield>
  </datafield>
  <datafield tag="856" ind1="4" ind2=" ">
    <subfield code="9">4d9118a7-330c-4618-a43c-9041176f03d6</subfield>
    <subfield code="s">3191684</subfield>
    <subfield code="u">https://digicoll.lib.berkeley.edu/record/289263/files/991033096849706532_A2517940_274.jpg</subfield>
  </datafield>
  <datafield tag="856" ind1="4" ind2=" ">
    <subfield code="9">d4938b57-f247-4df6-94e9-107585725e28</subfield>
    <subfield code="s">3597875</subfield>
    <subfield code="u">https://digicoll.lib.berkeley.edu/record/289263/files/991033096849706532_A2517940_275.jpg</subfield>
  </datafield>
  <datafield tag="856" ind1="4" ind2=" ">
    <subfield code="9">01ebfd31-52fe-4683-a70a-10f207c525ec</subfield>
    <subfield code="s">2101806</subfield>
    <subfield code="u">https://digicoll.lib.berkeley.edu/record/289263/files/991033096849706532_A2517940_276.jpg</subfield>
  </datafield>
  <datafield tag="856" ind1="4" ind2=" ">
    <subfield code="9">01df667c-a9f2-43dd-9d10-5f498ef401b0</subfield>
    <subfield code="s">2265183</subfield>
    <subfield code="u">https://digicoll.lib.berkeley.edu/record/289263/files/991033096849706532_A2517940_277.jpg</subfield>
  </datafield>
  <datafield tag="856" ind1="4" ind2=" ">
    <subfield code="9">8e9c03fc-4792-49a4-b9dc-5fa250dd2205</subfield>
    <subfield code="s">3605534</subfield>
    <subfield code="u">https://digicoll.lib.berkeley.edu/record/289263/files/991033096849706532_A2517940_278.jpg</subfield>
  </datafield>
  <datafield tag="856" ind1="4" ind2=" ">
    <subfield code="9">f4a9aa66-99e7-47d5-aff1-aabd686684af</subfield>
    <subfield code="s">2126582</subfield>
    <subfield code="u">https://digicoll.lib.berkeley.edu/record/289263/files/991033096849706532_A2517940_279.jpg</subfield>
  </datafield>
  <datafield tag="856" ind1="4" ind2=" ">
    <subfield code="9">cb1a119e-df49-4fc5-9ee6-6ad89f3b25ad</subfield>
    <subfield code="s">3343913</subfield>
    <subfield code="u">https://digicoll.lib.berkeley.edu/record/289263/files/991033096849706532_A2517940_280.jpg</subfield>
  </datafield>
  <datafield tag="856" ind1="4" ind2=" ">
    <subfield code="9">e7c8ba96-40e8-43b8-b5ae-1d69b04d0188</subfield>
    <subfield code="s">3430896</subfield>
    <subfield code="u">https://digicoll.lib.berkeley.edu/record/289263/files/991033096849706532_A2517940_281.jpg</subfield>
  </datafield>
  <datafield tag="856" ind1="4" ind2=" ">
    <subfield code="9">b536901c-73d1-42b6-8e25-bd40835ec2ae</subfield>
    <subfield code="s">3550311</subfield>
    <subfield code="u">https://digicoll.lib.berkeley.edu/record/289263/files/991033096849706532_A2517940_282.jpg</subfield>
  </datafield>
  <datafield tag="856" ind1="4" ind2=" ">
    <subfield code="9">44cc71c0-6b3c-476b-9223-021451c72793</subfield>
    <subfield code="s">3412294</subfield>
    <subfield code="u">https://digicoll.lib.berkeley.edu/record/289263/files/991033096849706532_A2517940_283.jpg</subfield>
  </datafield>
  <datafield tag="856" ind1="4" ind2=" ">
    <subfield code="9">5e0abfd8-1ad9-47ed-bde9-79ad0c56ee22</subfield>
    <subfield code="s">3345846</subfield>
    <subfield code="u">https://digicoll.lib.berkeley.edu/record/289263/files/991033096849706532_A2517940_284.jpg</subfield>
  </datafield>
  <datafield tag="856" ind1="4" ind2=" ">
    <subfield code="9">c35c80eb-a3e5-4a0b-9102-a732041cbbc8</subfield>
    <subfield code="s">3230362</subfield>
    <subfield code="u">https://digicoll.lib.berkeley.edu/record/289263/files/991033096849706532_A2517940_285.jpg</subfield>
  </datafield>
  <datafield tag="856" ind1="4" ind2=" ">
    <subfield code="9">0afa8d32-4bfa-4337-b66d-f506af2b7809</subfield>
    <subfield code="s">3555257</subfield>
    <subfield code="u">https://digicoll.lib.berkeley.edu/record/289263/files/991033096849706532_A2517940_286.jpg</subfield>
  </datafield>
  <datafield tag="856" ind1="4" ind2=" ">
    <subfield code="9">a8f62346-9876-45f7-a24d-5e13c87fc783</subfield>
    <subfield code="s">3253596</subfield>
    <subfield code="u">https://digicoll.lib.berkeley.edu/record/289263/files/991033096849706532_A2517940_287.jpg</subfield>
  </datafield>
  <datafield tag="856" ind1="4" ind2=" ">
    <subfield code="9">14c3a76b-c587-474d-87ca-f52a680d444d</subfield>
    <subfield code="s">3404675</subfield>
    <subfield code="u">https://digicoll.lib.berkeley.edu/record/289263/files/991033096849706532_A2517940_288.jpg</subfield>
  </datafield>
  <datafield tag="856" ind1="4" ind2=" ">
    <subfield code="9">5bd50001-4961-46cb-8e65-fed2a78bb714</subfield>
    <subfield code="s">3331524</subfield>
    <subfield code="u">https://digicoll.lib.berkeley.edu/record/289263/files/991033096849706532_A2517940_289.jpg</subfield>
  </datafield>
  <datafield tag="856" ind1="4" ind2=" ">
    <subfield code="9">24e03c5c-6bc0-4e10-84d2-3eca13607754</subfield>
    <subfield code="s">3146941</subfield>
    <subfield code="u">https://digicoll.lib.berkeley.edu/record/289263/files/991033096849706532_A2517940_290.jpg</subfield>
  </datafield>
  <datafield tag="856" ind1="4" ind2=" ">
    <subfield code="9">552eb9fe-9fc5-4764-9066-0c30b1029068</subfield>
    <subfield code="s">3482331</subfield>
    <subfield code="u">https://digicoll.lib.berkeley.edu/record/289263/files/991033096849706532_A2517940_291.jpg</subfield>
  </datafield>
  <datafield tag="856" ind1="4" ind2=" ">
    <subfield code="9">c4453264-cf76-445a-a65b-dfd5037fe9de</subfield>
    <subfield code="s">3267025</subfield>
    <subfield code="u">https://digicoll.lib.berkeley.edu/record/289263/files/991033096849706532_A2517940_292.jpg</subfield>
  </datafield>
  <datafield tag="856" ind1="4" ind2=" ">
    <subfield code="9">263ba22d-15fd-4586-badb-1477502d18bb</subfield>
    <subfield code="s">3338075</subfield>
    <subfield code="u">https://digicoll.lib.berkeley.edu/record/289263/files/991033096849706532_A2517940_293.jpg</subfield>
  </datafield>
  <datafield tag="856" ind1="4" ind2=" ">
    <subfield code="9">a7ff7db5-2273-4c51-833e-54509129814d</subfield>
    <subfield code="s">3186917</subfield>
    <subfield code="u">https://digicoll.lib.berkeley.edu/record/289263/files/991033096849706532_A2517940_294.jpg</subfield>
  </datafield>
  <datafield tag="856" ind1="4" ind2=" ">
    <subfield code="9">9a3fbaab-0bc2-4d12-bee8-0d35b2fc10e0</subfield>
    <subfield code="s">3192245</subfield>
    <subfield code="u">https://digicoll.lib.berkeley.edu/record/289263/files/991033096849706532_A2517940_295.jpg</subfield>
  </datafield>
  <datafield tag="856" ind1="4" ind2=" ">
    <subfield code="9">c33975f6-ad8e-4fcd-97af-2a3e9e77fe48</subfield>
    <subfield code="s">3406936</subfield>
    <subfield code="u">https://digicoll.lib.berkeley.edu/record/289263/files/991033096849706532_A2517940_296.jpg</subfield>
  </datafield>
  <datafield tag="856" ind1="4" ind2=" ">
    <subfield code="9">87ed3855-9d2f-4e08-969f-5d3d8208a5e3</subfield>
    <subfield code="s">3229483</subfield>
    <subfield code="u">https://digicoll.lib.berkeley.edu/record/289263/files/991033096849706532_A2517940_297.jpg</subfield>
  </datafield>
  <datafield tag="856" ind1="4" ind2=" ">
    <subfield code="9">539e34c3-8f5e-4a1e-9d49-0e5ccd8ae966</subfield>
    <subfield code="s">3178153</subfield>
    <subfield code="u">https://digicoll.lib.berkeley.edu/record/289263/files/991033096849706532_A2517940_298.jpg</subfield>
  </datafield>
  <datafield tag="856" ind1="4" ind2=" ">
    <subfield code="9">a0a6e61f-b610-491f-baf7-f5b6f3e8b32c</subfield>
    <subfield code="s">3283559</subfield>
    <subfield code="u">https://digicoll.lib.berkeley.edu/record/289263/files/991033096849706532_A2517940_299.jpg</subfield>
  </datafield>
  <datafield tag="856" ind1="4" ind2=" ">
    <subfield code="9">a03cb9d4-9dc3-4ab2-9602-b76144f80e6d</subfield>
    <subfield code="s">3161942</subfield>
    <subfield code="u">https://digicoll.lib.berkeley.edu/record/289263/files/991033096849706532_A2517940_300.jpg</subfield>
  </datafield>
  <datafield tag="856" ind1="4" ind2=" ">
    <subfield code="9">41d3b1b4-bdcf-4c18-8ff6-fcface83d7fe</subfield>
    <subfield code="s">3350442</subfield>
    <subfield code="u">https://digicoll.lib.berkeley.edu/record/289263/files/991033096849706532_A2517940_301.jpg</subfield>
  </datafield>
  <datafield tag="856" ind1="4" ind2=" ">
    <subfield code="9">73ddc2f0-40bc-49ec-89e4-e35c8b747359</subfield>
    <subfield code="s">3503303</subfield>
    <subfield code="u">https://digicoll.lib.berkeley.edu/record/289263/files/991033096849706532_A2517940_302.jpg</subfield>
  </datafield>
  <datafield tag="856" ind1="4" ind2=" ">
    <subfield code="9">fcb3939b-9a26-4771-b410-c955645bd810</subfield>
    <subfield code="s">3739505</subfield>
    <subfield code="u">https://digicoll.lib.berkeley.edu/record/289263/files/991033096849706532_A2517940_303.jpg</subfield>
  </datafield>
  <datafield tag="856" ind1="4" ind2=" ">
    <subfield code="9">827ce8e7-82a2-4350-a9d7-4ebc64c41389</subfield>
    <subfield code="s">2953969</subfield>
    <subfield code="u">https://digicoll.lib.berkeley.edu/record/289263/files/991033096849706532_A2517940_304.jpg</subfield>
  </datafield>
  <datafield tag="856" ind1="4" ind2=" ">
    <subfield code="9">7607b814-b704-47cd-98c0-f391e1355b37</subfield>
    <subfield code="s">3477742</subfield>
    <subfield code="u">https://digicoll.lib.berkeley.edu/record/289263/files/991033096849706532_A2517940_305.jpg</subfield>
  </datafield>
  <datafield tag="856" ind1="4" ind2=" ">
    <subfield code="9">caf3e070-b8c3-4755-ad96-87f269d99e9b</subfield>
    <subfield code="s">3391968</subfield>
    <subfield code="u">https://digicoll.lib.berkeley.edu/record/289263/files/991033096849706532_A2517940_306.jpg</subfield>
  </datafield>
  <datafield tag="856" ind1="4" ind2=" ">
    <subfield code="9">66b91c94-20ae-4b90-b9e6-7bf65ba15613</subfield>
    <subfield code="s">3273986</subfield>
    <subfield code="u">https://digicoll.lib.berkeley.edu/record/289263/files/991033096849706532_A2517940_307.jpg</subfield>
  </datafield>
  <datafield tag="856" ind1="4" ind2=" ">
    <subfield code="9">b5e9e6a6-13cd-4231-9d38-4207c8a67398</subfield>
    <subfield code="s">3132880</subfield>
    <subfield code="u">https://digicoll.lib.berkeley.edu/record/289263/files/991033096849706532_A2517940_308.jpg</subfield>
  </datafield>
  <datafield tag="856" ind1="4" ind2=" ">
    <subfield code="9">9fab3900-a4eb-4f55-8f9d-9d7634ab75d1</subfield>
    <subfield code="s">3357572</subfield>
    <subfield code="u">https://digicoll.lib.berkeley.edu/record/289263/files/991033096849706532_A2517940_309.jpg</subfield>
  </datafield>
  <datafield tag="856" ind1="4" ind2=" ">
    <subfield code="9">55b71108-40ff-4bbf-a1b5-f8fbe5e19b6c</subfield>
    <subfield code="s">3679282</subfield>
    <subfield code="u">https://digicoll.lib.berkeley.edu/record/289263/files/991033096849706532_A2517940_310.jpg</subfield>
  </datafield>
  <datafield tag="856" ind1="4" ind2=" ">
    <subfield code="9">fe173ec4-49e9-4dd9-ad9b-c2a4b88c28cd</subfield>
    <subfield code="s">3336820</subfield>
    <subfield code="u">https://digicoll.lib.berkeley.edu/record/289263/files/991033096849706532_A2517940_311.jpg</subfield>
  </datafield>
  <datafield tag="856" ind1="4" ind2=" ">
    <subfield code="9">4ccefd28-0211-48c5-9e6e-e2c15347e640</subfield>
    <subfield code="s">3291745</subfield>
    <subfield code="u">https://digicoll.lib.berkeley.edu/record/289263/files/991033096849706532_A2517940_312.jpg</subfield>
  </datafield>
  <datafield tag="856" ind1="4" ind2=" ">
    <subfield code="9">e0c25b47-7703-4377-bb32-3455b4f38833</subfield>
    <subfield code="s">3010913</subfield>
    <subfield code="u">https://digicoll.lib.berkeley.edu/record/289263/files/991033096849706532_A2517940_313.jpg</subfield>
  </datafield>
  <datafield tag="856" ind1="4" ind2=" ">
    <subfield code="9">2b8d58c0-22a9-49c7-abd8-8c129b79bd96</subfield>
    <subfield code="s">3285037</subfield>
    <subfield code="u">https://digicoll.lib.berkeley.edu/record/289263/files/991033096849706532_A2517940_314.jpg</subfield>
  </datafield>
  <datafield tag="856" ind1="4" ind2=" ">
    <subfield code="9">17ac3007-1889-4d25-b880-596d7c118dbc</subfield>
    <subfield code="s">4262596</subfield>
    <subfield code="u">https://digicoll.lib.berkeley.edu/record/289263/files/991033096849706532_A2517940_315.jpg</subfield>
  </datafield>
  <datafield tag="856" ind1="4" ind2=" ">
    <subfield code="9">079d8c64-1daf-45f8-abb7-0cd461c127c4</subfield>
    <subfield code="s">2765576</subfield>
    <subfield code="u">https://digicoll.lib.berkeley.edu/record/289263/files/991033096849706532_A2517940_316.jpg</subfield>
  </datafield>
  <datafield tag="856" ind1="4" ind2=" ">
    <subfield code="9">d803bd99-1e81-4d41-8c5c-249d4803fb80</subfield>
    <subfield code="s">3726739</subfield>
    <subfield code="u">https://digicoll.lib.berkeley.edu/record/289263/files/991033096849706532_A2517940_317.jpg</subfield>
  </datafield>
  <datafield tag="856" ind1="4" ind2=" ">
    <subfield code="9">e92b4704-3896-4291-93b7-4417196d30a4</subfield>
    <subfield code="s">3421710</subfield>
    <subfield code="u">https://digicoll.lib.berkeley.edu/record/289263/files/991033096849706532_A2517940_318.jpg</subfield>
  </datafield>
  <datafield tag="856" ind1="4" ind2=" ">
    <subfield code="9">b6ec26f6-b534-46bb-a8a7-eb184f84cb19</subfield>
    <subfield code="s">3332055</subfield>
    <subfield code="u">https://digicoll.lib.berkeley.edu/record/289263/files/991033096849706532_A2517940_319.jpg</subfield>
  </datafield>
  <datafield tag="856" ind1="4" ind2=" ">
    <subfield code="9">37ce4ef5-afe3-4312-b08c-130ef8625b18</subfield>
    <subfield code="s">3276786</subfield>
    <subfield code="u">https://digicoll.lib.berkeley.edu/record/289263/files/991033096849706532_A2517940_320.jpg</subfield>
  </datafield>
  <datafield tag="856" ind1="4" ind2=" ">
    <subfield code="9">3fff2d3a-8d79-493b-b05d-c5814f7314bd</subfield>
    <subfield code="s">3565359</subfield>
    <subfield code="u">https://digicoll.lib.berkeley.edu/record/289263/files/991033096849706532_A2517940_321.jpg</subfield>
  </datafield>
  <datafield tag="856" ind1="4" ind2=" ">
    <subfield code="9">d7544841-dfac-4ff2-989b-04eb6015be22</subfield>
    <subfield code="s">2073048</subfield>
    <subfield code="u">https://digicoll.lib.berkeley.edu/record/289263/files/991033096849706532_A2517940_322.jpg</subfield>
  </datafield>
  <datafield tag="856" ind1="4" ind2=" ">
    <subfield code="9">f223f22a-59ab-47c3-afdb-695ab0b4f60c</subfield>
    <subfield code="s">2218871</subfield>
    <subfield code="u">https://digicoll.lib.berkeley.edu/record/289263/files/991033096849706532_A2517940_323.jpg</subfield>
  </datafield>
  <datafield tag="856" ind1="4" ind2=" ">
    <subfield code="9">25978da9-9cb4-47de-aacf-89fbea86c6fe</subfield>
    <subfield code="s">3241334</subfield>
    <subfield code="u">https://digicoll.lib.berkeley.edu/record/289263/files/991033096849706532_A2517940_324.jpg</subfield>
  </datafield>
  <datafield tag="856" ind1="4" ind2=" ">
    <subfield code="9">e0ef95f7-1a90-4dc8-9628-84d67e16ab73</subfield>
    <subfield code="s">2209234</subfield>
    <subfield code="u">https://digicoll.lib.berkeley.edu/record/289263/files/991033096849706532_A2517940_325.jpg</subfield>
  </datafield>
  <datafield tag="856" ind1="4" ind2=" ">
    <subfield code="9">7ed12c39-e88e-4581-9a2f-a17c96e7008a</subfield>
    <subfield code="s">3109995</subfield>
    <subfield code="u">https://digicoll.lib.berkeley.edu/record/289263/files/991033096849706532_A2517940_326.jpg</subfield>
  </datafield>
  <datafield tag="856" ind1="4" ind2=" ">
    <subfield code="9">15eb9e9e-78be-4054-9409-c8636507277e</subfield>
    <subfield code="s">3151949</subfield>
    <subfield code="u">https://digicoll.lib.berkeley.edu/record/289263/files/991033096849706532_A2517940_327.jpg</subfield>
  </datafield>
  <datafield tag="856" ind1="4" ind2=" ">
    <subfield code="9">162c2b76-74ad-4e81-b6d1-d660f776a10f</subfield>
    <subfield code="s">2920042</subfield>
    <subfield code="u">https://digicoll.lib.berkeley.edu/record/289263/files/991033096849706532_A2517940_328.jpg</subfield>
  </datafield>
  <datafield tag="856" ind1="4" ind2=" ">
    <subfield code="9">5461e80e-4f23-47d2-b4e3-dd2cf0f280b7</subfield>
    <subfield code="s">3226502</subfield>
    <subfield code="u">https://digicoll.lib.berkeley.edu/record/289263/files/991033096849706532_A2517940_329.jpg</subfield>
  </datafield>
  <datafield tag="856" ind1="4" ind2=" ">
    <subfield code="9">61e6d95c-77e5-40db-9e38-90fc8d00e0b7</subfield>
    <subfield code="s">3142393</subfield>
    <subfield code="u">https://digicoll.lib.berkeley.edu/record/289263/files/991033096849706532_A2517940_330.jpg</subfield>
  </datafield>
  <datafield tag="856" ind1="4" ind2=" ">
    <subfield code="9">ae8a34f1-7769-49f0-b8aa-ce0e3720ffbe</subfield>
    <subfield code="s">2658576</subfield>
    <subfield code="u">https://digicoll.lib.berkeley.edu/record/289263/files/991033096849706532_A2517940_331.jpg</subfield>
  </datafield>
  <datafield tag="856" ind1="4" ind2=" ">
    <subfield code="9">f46b5e30-fc2f-4f0b-ad90-6f0c57c966c9</subfield>
    <subfield code="s">2780640</subfield>
    <subfield code="u">https://digicoll.lib.berkeley.edu/record/289263/files/991033096849706532_A2517940_332.jpg</subfield>
  </datafield>
  <datafield tag="856" ind1="4" ind2=" ">
    <subfield code="9">9e7a0f1d-0525-4c9a-a5e8-d27817463c8c</subfield>
    <subfield code="s">3030323</subfield>
    <subfield code="u">https://digicoll.lib.berkeley.edu/record/289263/files/991033096849706532_A2517940_333.jpg</subfield>
  </datafield>
  <datafield tag="856" ind1="4" ind2=" ">
    <subfield code="9">928affa6-b2bf-45d5-8ec8-994f619ca099</subfield>
    <subfield code="s">3083409</subfield>
    <subfield code="u">https://digicoll.lib.berkeley.edu/record/289263/files/991033096849706532_A2517940_334.jpg</subfield>
  </datafield>
  <datafield tag="856" ind1="4" ind2=" ">
    <subfield code="9">bf0e6e54-df19-4329-9b5b-6c3d6a716e5b</subfield>
    <subfield code="s">3252748</subfield>
    <subfield code="u">https://digicoll.lib.berkeley.edu/record/289263/files/991033096849706532_A2517940_335.jpg</subfield>
  </datafield>
  <datafield tag="856" ind1="4" ind2=" ">
    <subfield code="9">10db5fe3-050c-43c5-9f79-b1c32ebbec83</subfield>
    <subfield code="s">2863214</subfield>
    <subfield code="u">https://digicoll.lib.berkeley.edu/record/289263/files/991033096849706532_A2517940_336.jpg</subfield>
  </datafield>
  <datafield tag="856" ind1="4" ind2=" ">
    <subfield code="9">4877807b-610f-4fb8-a23b-ad82171ed42c</subfield>
    <subfield code="s">2930305</subfield>
    <subfield code="u">https://digicoll.lib.berkeley.edu/record/289263/files/991033096849706532_A2517940_337.jpg</subfield>
  </datafield>
  <datafield tag="856" ind1="4" ind2=" ">
    <subfield code="9">cd8b8fc2-7510-4fd7-9134-b0cbd0dbdaa8</subfield>
    <subfield code="s">2776522</subfield>
    <subfield code="u">https://digicoll.lib.berkeley.edu/record/289263/files/991033096849706532_A2517940_338.jpg</subfield>
  </datafield>
  <datafield tag="856" ind1="4" ind2=" ">
    <subfield code="9">045d372b-8a44-4716-9fc4-783027c4f469</subfield>
    <subfield code="s">3249495</subfield>
    <subfield code="u">https://digicoll.lib.berkeley.edu/record/289263/files/991033096849706532_A2517940_339.jpg</subfield>
  </datafield>
  <datafield tag="856" ind1="4" ind2=" ">
    <subfield code="9">7812caba-8849-47cd-a174-464b8a6522d3</subfield>
    <subfield code="s">3214129</subfield>
    <subfield code="u">https://digicoll.lib.berkeley.edu/record/289263/files/991033096849706532_A2517940_340.jpg</subfield>
  </datafield>
  <datafield tag="856" ind1="4" ind2=" ">
    <subfield code="9">ca6323eb-5b39-4331-b51c-08e345c1b206</subfield>
    <subfield code="s">3043331</subfield>
    <subfield code="u">https://digicoll.lib.berkeley.edu/record/289263/files/991033096849706532_A2517940_341.jpg</subfield>
  </datafield>
  <datafield tag="856" ind1="4" ind2=" ">
    <subfield code="9">14bb5e81-3d7e-463f-98e4-9eb4d2395f67</subfield>
    <subfield code="s">2848850</subfield>
    <subfield code="u">https://digicoll.lib.berkeley.edu/record/289263/files/991033096849706532_A2517940_342.jpg</subfield>
  </datafield>
  <datafield tag="856" ind1="4" ind2=" ">
    <subfield code="9">dc6f2c31-78be-478c-a2d6-94d3c4fe4305</subfield>
    <subfield code="s">3153852</subfield>
    <subfield code="u">https://digicoll.lib.berkeley.edu/record/289263/files/991033096849706532_A2517940_343.jpg</subfield>
  </datafield>
  <datafield tag="856" ind1="4" ind2=" ">
    <subfield code="9">216b0e7a-edb3-4132-a11f-bc3df69314c0</subfield>
    <subfield code="s">2936628</subfield>
    <subfield code="u">https://digicoll.lib.berkeley.edu/record/289263/files/991033096849706532_A2517940_344.jpg</subfield>
  </datafield>
  <datafield tag="856" ind1="4" ind2=" ">
    <subfield code="9">f0e16beb-cd44-4d51-80d1-07625abc0306</subfield>
    <subfield code="s">3037701</subfield>
    <subfield code="u">https://digicoll.lib.berkeley.edu/record/289263/files/991033096849706532_A2517940_345.jpg</subfield>
  </datafield>
  <datafield tag="856" ind1="4" ind2=" ">
    <subfield code="9">80f86ca1-2708-4a71-bfd6-b3963c5810ec</subfield>
    <subfield code="s">2905913</subfield>
    <subfield code="u">https://digicoll.lib.berkeley.edu/record/289263/files/991033096849706532_A2517940_346.jpg</subfield>
  </datafield>
  <datafield tag="856" ind1="4" ind2=" ">
    <subfield code="9">eee64cd3-cc15-4602-b7a7-1b3f7fe8a3df</subfield>
    <subfield code="s">2815973</subfield>
    <subfield code="u">https://digicoll.lib.berkeley.edu/record/289263/files/991033096849706532_A2517940_347.jpg</subfield>
  </datafield>
  <datafield tag="856" ind1="4" ind2=" ">
    <subfield code="9">383b3b3e-d5e3-4606-8cdf-cbe16f1e895b</subfield>
    <subfield code="s">3135719</subfield>
    <subfield code="u">https://digicoll.lib.berkeley.edu/record/289263/files/991033096849706532_A2517940_348.jpg</subfield>
  </datafield>
  <datafield tag="856" ind1="4" ind2=" ">
    <subfield code="9">8fb9c459-7bcb-449a-882e-31200ebbfff5</subfield>
    <subfield code="s">2949613</subfield>
    <subfield code="u">https://digicoll.lib.berkeley.edu/record/289263/files/991033096849706532_A2517940_349.jpg</subfield>
  </datafield>
  <datafield tag="856" ind1="4" ind2=" ">
    <subfield code="9">f9595a2b-95b7-4b5d-ba0f-8029fd9deb42</subfield>
    <subfield code="s">3159311</subfield>
    <subfield code="u">https://digicoll.lib.berkeley.edu/record/289263/files/991033096849706532_A2517940_350.jpg</subfield>
  </datafield>
  <datafield tag="856" ind1="4" ind2=" ">
    <subfield code="9">1135685f-f04c-43ae-bc02-bd55e78ba2fb</subfield>
    <subfield code="s">3040076</subfield>
    <subfield code="u">https://digicoll.lib.berkeley.edu/record/289263/files/991033096849706532_A2517940_351.jpg</subfield>
  </datafield>
  <datafield tag="856" ind1="4" ind2=" ">
    <subfield code="9">a50c5d7e-f408-4671-b1ed-5b5a4e07f1e9</subfield>
    <subfield code="s">3231186</subfield>
    <subfield code="u">https://digicoll.lib.berkeley.edu/record/289263/files/991033096849706532_A2517940_352.jpg</subfield>
  </datafield>
  <datafield tag="856" ind1="4" ind2=" ">
    <subfield code="9">952eb131-bae1-4cfb-a82c-9892dce56d5b</subfield>
    <subfield code="s">2914746</subfield>
    <subfield code="u">https://digicoll.lib.berkeley.edu/record/289263/files/991033096849706532_A2517940_353.jpg</subfield>
  </datafield>
  <datafield tag="856" ind1="4" ind2=" ">
    <subfield code="9">a7bf52fb-4002-4a58-bdbd-3c7be79912b8</subfield>
    <subfield code="s">2861996</subfield>
    <subfield code="u">https://digicoll.lib.berkeley.edu/record/289263/files/991033096849706532_A2517940_354.jpg</subfield>
  </datafield>
  <datafield tag="856" ind1="4" ind2=" ">
    <subfield code="9">923adc95-1100-4284-a824-78b3f22ad7ed</subfield>
    <subfield code="s">2948661</subfield>
    <subfield code="u">https://digicoll.lib.berkeley.edu/record/289263/files/991033096849706532_A2517940_355.jpg</subfield>
  </datafield>
  <datafield tag="856" ind1="4" ind2=" ">
    <subfield code="9">b89069b7-7904-4cf4-b4f1-3783ed3d5341</subfield>
    <subfield code="s">3314564</subfield>
    <subfield code="u">https://digicoll.lib.berkeley.edu/record/289263/files/991033096849706532_A2517940_356.jpg</subfield>
  </datafield>
  <datafield tag="856" ind1="4" ind2=" ">
    <subfield code="9">8c751cbc-d6ec-4567-a760-5a8722260994</subfield>
    <subfield code="s">1990122</subfield>
    <subfield code="u">https://digicoll.lib.berkeley.edu/record/289263/files/991033096849706532_A2517940_357.jpg</subfield>
  </datafield>
  <datafield tag="856" ind1="4" ind2=" ">
    <subfield code="9">17714e61-6076-4c14-b28b-ca78399e590d</subfield>
    <subfield code="s">2214880</subfield>
    <subfield code="u">https://digicoll.lib.berkeley.edu/record/289263/files/991033096849706532_A2517940_358.jpg</subfield>
  </datafield>
  <datafield tag="856" ind1="4" ind2=" ">
    <subfield code="9">2c66a1e9-7349-47e7-a8ba-1ddc32aba3c9</subfield>
    <subfield code="s">2123166</subfield>
    <subfield code="u">https://digicoll.lib.berkeley.edu/record/289263/files/991033096849706532_A2517940_359.jpg</subfield>
  </datafield>
  <datafield tag="856" ind1="4" ind2=" ">
    <subfield code="9">3306906e-c8ba-4f5b-9c97-2519ea2c6b03</subfield>
    <subfield code="s">3371228</subfield>
    <subfield code="u">https://digicoll.lib.berkeley.edu/record/289263/files/991033096849706532_A2517940_360.jpg</subfield>
  </datafield>
  <datafield tag="856" ind1="4" ind2=" ">
    <subfield code="9">d36f25d1-1b36-4572-92f9-193a287fe43f</subfield>
    <subfield code="s">2191324</subfield>
    <subfield code="u">https://digicoll.lib.berkeley.edu/record/289263/files/991033096849706532_A2517940_361.jpg</subfield>
  </datafield>
  <datafield tag="856" ind1="4" ind2=" ">
    <subfield code="9">556c8a1e-162e-47ef-8453-851963af715c</subfield>
    <subfield code="s">3635419</subfield>
    <subfield code="u">https://digicoll.lib.berkeley.edu/record/289263/files/991033096849706532_A2517940_362.jpg</subfield>
  </datafield>
  <datafield tag="856" ind1="4" ind2=" ">
    <subfield code="9">46355fec-cfb2-4245-bf18-8ea30427c8a5</subfield>
    <subfield code="s">3622894</subfield>
    <subfield code="u">https://digicoll.lib.berkeley.edu/record/289263/files/991033096849706532_A2517940_363.jpg</subfield>
  </datafield>
  <datafield tag="856" ind1="4" ind2=" ">
    <subfield code="9">dbea5340-34d4-4e88-8e7e-1dd0f20dc745</subfield>
    <subfield code="s">3069016</subfield>
    <subfield code="u">https://digicoll.lib.berkeley.edu/record/289263/files/991033096849706532_A2517940_364.jpg</subfield>
  </datafield>
  <datafield tag="856" ind1="4" ind2=" ">
    <subfield code="9">0b3bcc3a-4eda-4221-8d74-81217b0a1649</subfield>
    <subfield code="s">2648932</subfield>
    <subfield code="u">https://digicoll.lib.berkeley.edu/record/289263/files/991033096849706532_A2517940_365.jpg</subfield>
  </datafield>
  <datafield tag="856" ind1="4" ind2=" ">
    <subfield code="9">c77dc71c-f2a0-41b3-a78b-e3c93ca852dc</subfield>
    <subfield code="s">2810948</subfield>
    <subfield code="u">https://digicoll.lib.berkeley.edu/record/289263/files/991033096849706532_A2517940_366.jpg</subfield>
  </datafield>
  <datafield tag="856" ind1="4" ind2=" ">
    <subfield code="9">cbc7de40-13fb-459f-b419-22b9b2481b53</subfield>
    <subfield code="s">3143103</subfield>
    <subfield code="u">https://digicoll.lib.berkeley.edu/record/289263/files/991033096849706532_A2517940_367.jpg</subfield>
  </datafield>
  <datafield tag="856" ind1="4" ind2=" ">
    <subfield code="9">7c3e7aca-617f-4d06-a2a1-25792d5e2817</subfield>
    <subfield code="s">2946077</subfield>
    <subfield code="u">https://digicoll.lib.berkeley.edu/record/289263/files/991033096849706532_A2517940_368.jpg</subfield>
  </datafield>
  <datafield tag="856" ind1="4" ind2=" ">
    <subfield code="9">aa25b805-0fda-4158-80d5-8bdcecaa0f01</subfield>
    <subfield code="s">3251057</subfield>
    <subfield code="u">https://digicoll.lib.berkeley.edu/record/289263/files/991033096849706532_A2517940_369.jpg</subfield>
  </datafield>
  <datafield tag="856" ind1="4" ind2=" ">
    <subfield code="9">5a9cb9b8-df8d-4fad-82b2-32355afa3d2d</subfield>
    <subfield code="s">3134805</subfield>
    <subfield code="u">https://digicoll.lib.berkeley.edu/record/289263/files/991033096849706532_A2517940_370.jpg</subfield>
  </datafield>
  <datafield tag="856" ind1="4" ind2=" ">
    <subfield code="9">f70d6a2f-55fd-47b2-a38f-2976a5953269</subfield>
    <subfield code="s">3486432</subfield>
    <subfield code="u">https://digicoll.lib.berkeley.edu/record/289263/files/991033096849706532_A2517940_371.jpg</subfield>
  </datafield>
  <datafield tag="856" ind1="4" ind2=" ">
    <subfield code="9">011334cd-26cc-4ae3-9c5d-a8732c820028</subfield>
    <subfield code="s">3459450</subfield>
    <subfield code="u">https://digicoll.lib.berkeley.edu/record/289263/files/991033096849706532_A2517940_372.jpg</subfield>
  </datafield>
  <datafield tag="856" ind1="4" ind2=" ">
    <subfield code="9">a848e850-a948-44cd-ac26-0ca165f81797</subfield>
    <subfield code="s">2691301</subfield>
    <subfield code="u">https://digicoll.lib.berkeley.edu/record/289263/files/991033096849706532_A2517940_373.jpg</subfield>
  </datafield>
  <datafield tag="856" ind1="4" ind2=" ">
    <subfield code="9">8e223a2a-3ba9-4bc4-8faf-fd066e5d5a56</subfield>
    <subfield code="s">3436064</subfield>
    <subfield code="u">https://digicoll.lib.berkeley.edu/record/289263/files/991033096849706532_A2517940_374.jpg</subfield>
  </datafield>
  <datafield tag="856" ind1="4" ind2=" ">
    <subfield code="9">3eb8b647-e971-4e80-9cd2-95f7ed6362df</subfield>
    <subfield code="s">3261119</subfield>
    <subfield code="u">https://digicoll.lib.berkeley.edu/record/289263/files/991033096849706532_A2517940_375.jpg</subfield>
  </datafield>
  <datafield tag="856" ind1="4" ind2=" ">
    <subfield code="9">5717413d-748f-450b-ab52-0cc670c1d915</subfield>
    <subfield code="s">3537553</subfield>
    <subfield code="u">https://digicoll.lib.berkeley.edu/record/289263/files/991033096849706532_A2517940_376.jpg</subfield>
  </datafield>
  <datafield tag="856" ind1="4" ind2=" ">
    <subfield code="9">cc3dcb94-98eb-4023-b7c1-f3bc32f1c439</subfield>
    <subfield code="s">2677581</subfield>
    <subfield code="u">https://digicoll.lib.berkeley.edu/record/289263/files/991033096849706532_A2517940_377.jpg</subfield>
  </datafield>
  <datafield tag="856" ind1="4" ind2=" ">
    <subfield code="9">d44fafad-fb35-42cb-bc66-b28b056a443c</subfield>
    <subfield code="s">3412276</subfield>
    <subfield code="u">https://digicoll.lib.berkeley.edu/record/289263/files/991033096849706532_A2517940_378.jpg</subfield>
  </datafield>
  <datafield tag="856" ind1="4" ind2=" ">
    <subfield code="9">e86635a6-2bd8-4ecc-b92f-de9ad0bbb43f</subfield>
    <subfield code="s">3115952</subfield>
    <subfield code="u">https://digicoll.lib.berkeley.edu/record/289263/files/991033096849706532_A2517940_379.jpg</subfield>
  </datafield>
  <datafield tag="856" ind1="4" ind2=" ">
    <subfield code="9">5fef581d-8ca9-4bc9-9dee-4c7d7899d3c6</subfield>
    <subfield code="s">3307157</subfield>
    <subfield code="u">https://digicoll.lib.berkeley.edu/record/289263/files/991033096849706532_A2517940_380.jpg</subfield>
  </datafield>
  <datafield tag="856" ind1="4" ind2=" ">
    <subfield code="9">3b34d211-1aa6-4525-aa26-1039968fe960</subfield>
    <subfield code="s">3622773</subfield>
    <subfield code="u">https://digicoll.lib.berkeley.edu/record/289263/files/991033096849706532_A2517940_381.jpg</subfield>
  </datafield>
  <datafield tag="856" ind1="4" ind2=" ">
    <subfield code="9">aa0c99f8-74e8-4c1d-b76c-a1497236beda</subfield>
    <subfield code="s">3091134</subfield>
    <subfield code="u">https://digicoll.lib.berkeley.edu/record/289263/files/991033096849706532_A2517940_382.jpg</subfield>
  </datafield>
  <datafield tag="856" ind1="4" ind2=" ">
    <subfield code="9">b1b9fa5c-8826-49b5-957b-935cf42310be</subfield>
    <subfield code="s">3687978</subfield>
    <subfield code="u">https://digicoll.lib.berkeley.edu/record/289263/files/991033096849706532_A2517940_383.jpg</subfield>
  </datafield>
  <datafield tag="856" ind1="4" ind2=" ">
    <subfield code="9">9a9f70b1-b12f-40be-82ce-6a4c4bfe5a48</subfield>
    <subfield code="s">3417909</subfield>
    <subfield code="u">https://digicoll.lib.berkeley.edu/record/289263/files/991033096849706532_A2517940_384.jpg</subfield>
  </datafield>
  <datafield tag="856" ind1="4" ind2=" ">
    <subfield code="9">cce595d8-09b4-4665-b296-e5d61c9c18d6</subfield>
    <subfield code="s">3200619</subfield>
    <subfield code="u">https://digicoll.lib.berkeley.edu/record/289263/files/991033096849706532_A2517940_385.jpg</subfield>
  </datafield>
  <datafield tag="856" ind1="4" ind2=" ">
    <subfield code="9">35fde06f-a084-4503-87df-90fbd76645bb</subfield>
    <subfield code="s">3299097</subfield>
    <subfield code="u">https://digicoll.lib.berkeley.edu/record/289263/files/991033096849706532_A2517940_386.jpg</subfield>
  </datafield>
  <datafield tag="856" ind1="4" ind2=" ">
    <subfield code="9">fade1aa8-163a-4991-9b92-427814c257f0</subfield>
    <subfield code="s">1959396</subfield>
    <subfield code="u">https://digicoll.lib.berkeley.edu/record/289263/files/991033096849706532_A2517940_387.jpg</subfield>
  </datafield>
  <datafield tag="856" ind1="4" ind2=" ">
    <subfield code="9">39e6c081-2834-4683-a994-ac701ac34363</subfield>
    <subfield code="s">2184100</subfield>
    <subfield code="u">https://digicoll.lib.berkeley.edu/record/289263/files/991033096849706532_A2517940_388.jpg</subfield>
  </datafield>
  <datafield tag="856" ind1="4" ind2=" ">
    <subfield code="9">6d6f5f05-84ce-4807-a650-ef775fc32f53</subfield>
    <subfield code="s">2454295</subfield>
    <subfield code="u">https://digicoll.lib.berkeley.edu/record/289263/files/991033096849706532_A2517940_389.jpg</subfield>
  </datafield>
  <datafield tag="856" ind1="4" ind2=" ">
    <subfield code="9">366011b2-683c-4e2b-bd9b-67411af9ee89</subfield>
    <subfield code="s">3691895</subfield>
    <subfield code="u">https://digicoll.lib.berkeley.edu/record/289263/files/991033096849706532_A2517940_390.jpg</subfield>
  </datafield>
  <datafield tag="856" ind1="4" ind2=" ">
    <subfield code="9">1c4d6a71-2dc3-427d-a6e2-d373815b2b2c</subfield>
    <subfield code="s">2168329</subfield>
    <subfield code="u">https://digicoll.lib.berkeley.edu/record/289263/files/991033096849706532_A2517940_391.jpg</subfield>
  </datafield>
  <datafield tag="856" ind1="4" ind2=" ">
    <subfield code="9">e63207d4-8439-4fa8-a628-6ca46a68886a</subfield>
    <subfield code="s">3243096</subfield>
    <subfield code="u">https://digicoll.lib.berkeley.edu/record/289263/files/991033096849706532_A2517940_392.jpg</subfield>
  </datafield>
  <datafield tag="856" ind1="4" ind2=" ">
    <subfield code="9">5fb28177-17de-482f-b476-0b612a44dd5b</subfield>
    <subfield code="s">3379827</subfield>
    <subfield code="u">https://digicoll.lib.berkeley.edu/record/289263/files/991033096849706532_A2517940_393.jpg</subfield>
  </datafield>
  <datafield tag="856" ind1="4" ind2=" ">
    <subfield code="9">eb89b3ea-576e-4265-a550-fa63a7240a3d</subfield>
    <subfield code="s">3294720</subfield>
    <subfield code="u">https://digicoll.lib.berkeley.edu/record/289263/files/991033096849706532_A2517940_394.jpg</subfield>
  </datafield>
  <datafield tag="856" ind1="4" ind2=" ">
    <subfield code="9">9b00ebe6-11be-4f5b-bbb6-6d16a4c9c37c</subfield>
    <subfield code="s">3434532</subfield>
    <subfield code="u">https://digicoll.lib.berkeley.edu/record/289263/files/991033096849706532_A2517940_395.jpg</subfield>
  </datafield>
  <datafield tag="856" ind1="4" ind2=" ">
    <subfield code="9">4858fa8f-ab97-4e2f-b55d-6d82625de567</subfield>
    <subfield code="s">3349182</subfield>
    <subfield code="u">https://digicoll.lib.berkeley.edu/record/289263/files/991033096849706532_A2517940_396.jpg</subfield>
  </datafield>
  <datafield tag="856" ind1="4" ind2=" ">
    <subfield code="9">14431ceb-f7cf-479f-ba49-03c382f7d5c0</subfield>
    <subfield code="s">3467374</subfield>
    <subfield code="u">https://digicoll.lib.berkeley.edu/record/289263/files/991033096849706532_A2517940_397.jpg</subfield>
  </datafield>
  <datafield tag="856" ind1="4" ind2=" ">
    <subfield code="9">6cd39c60-8441-452e-9306-0cfe0e43b45f</subfield>
    <subfield code="s">3102783</subfield>
    <subfield code="u">https://digicoll.lib.berkeley.edu/record/289263/files/991033096849706532_A2517940_398.jpg</subfield>
  </datafield>
  <datafield tag="856" ind1="4" ind2=" ">
    <subfield code="9">13641bdd-04e2-4da1-94da-b391b5e332c2</subfield>
    <subfield code="s">3520174</subfield>
    <subfield code="u">https://digicoll.lib.berkeley.edu/record/289263/files/991033096849706532_A2517940_399.jpg</subfield>
  </datafield>
  <datafield tag="856" ind1="4" ind2=" ">
    <subfield code="9">18b83c5c-2ee0-4dd5-a3cb-86f2ad5ae6cc</subfield>
    <subfield code="s">3618567</subfield>
    <subfield code="u">https://digicoll.lib.berkeley.edu/record/289263/files/991033096849706532_A2517940_400.jpg</subfield>
  </datafield>
  <datafield tag="856" ind1="4" ind2=" ">
    <subfield code="9">6e38a511-8e04-41aa-a8d0-5cff30e06b47</subfield>
    <subfield code="s">3317391</subfield>
    <subfield code="u">https://digicoll.lib.berkeley.edu/record/289263/files/991033096849706532_A2517940_401.jpg</subfield>
  </datafield>
  <datafield tag="856" ind1="4" ind2=" ">
    <subfield code="9">242a2f63-bcfe-4328-91b4-154581bd729c</subfield>
    <subfield code="s">2899812</subfield>
    <subfield code="u">https://digicoll.lib.berkeley.edu/record/289263/files/991033096849706532_A2517940_402.jpg</subfield>
  </datafield>
  <datafield tag="856" ind1="4" ind2=" ">
    <subfield code="9">ffb35f6d-38d2-43d8-929e-a3ae1f37000a</subfield>
    <subfield code="s">3241802</subfield>
    <subfield code="u">https://digicoll.lib.berkeley.edu/record/289263/files/991033096849706532_A2517940_403.jpg</subfield>
  </datafield>
  <datafield tag="856" ind1="4" ind2=" ">
    <subfield code="9">7dbd7840-988f-40a9-b936-da09bdf495b8</subfield>
    <subfield code="s">3425073</subfield>
    <subfield code="u">https://digicoll.lib.berkeley.edu/record/289263/files/991033096849706532_A2517940_404.jpg</subfield>
  </datafield>
  <datafield tag="856" ind1="4" ind2=" ">
    <subfield code="9">295aab94-fb93-4661-aab6-7c6159b35465</subfield>
    <subfield code="s">3252714</subfield>
    <subfield code="u">https://digicoll.lib.berkeley.edu/record/289263/files/991033096849706532_A2517940_405.jpg</subfield>
  </datafield>
  <datafield tag="856" ind1="4" ind2=" ">
    <subfield code="9">698b78b1-0e71-4c66-a024-93d468057377</subfield>
    <subfield code="s">3222846</subfield>
    <subfield code="u">https://digicoll.lib.berkeley.edu/record/289263/files/991033096849706532_A2517940_406.jpg</subfield>
  </datafield>
  <datafield tag="856" ind1="4" ind2=" ">
    <subfield code="9">15c81b3b-6c90-40b2-94f7-df5047ab51c8</subfield>
    <subfield code="s">3037353</subfield>
    <subfield code="u">https://digicoll.lib.berkeley.edu/record/289263/files/991033096849706532_A2517940_407.jpg</subfield>
  </datafield>
  <datafield tag="856" ind1="4" ind2=" ">
    <subfield code="9">261af348-6b22-4d4e-a159-f92b56843f75</subfield>
    <subfield code="s">3138066</subfield>
    <subfield code="u">https://digicoll.lib.berkeley.edu/record/289263/files/991033096849706532_A2517940_408.jpg</subfield>
  </datafield>
  <datafield tag="856" ind1="4" ind2=" ">
    <subfield code="9">3055a95b-76ed-4bfb-adae-9a54fab570f5</subfield>
    <subfield code="s">3026715</subfield>
    <subfield code="u">https://digicoll.lib.berkeley.edu/record/289263/files/991033096849706532_A2517940_409.jpg</subfield>
  </datafield>
  <datafield tag="856" ind1="4" ind2=" ">
    <subfield code="9">5e6dbe94-6105-42db-a9a1-772c10a25886</subfield>
    <subfield code="s">3320459</subfield>
    <subfield code="u">https://digicoll.lib.berkeley.edu/record/289263/files/991033096849706532_A2517940_410.jpg</subfield>
  </datafield>
  <datafield tag="856" ind1="4" ind2=" ">
    <subfield code="9">77a87c7f-77e6-4b46-bdca-483c3e3e201f</subfield>
    <subfield code="s">3117525</subfield>
    <subfield code="u">https://digicoll.lib.berkeley.edu/record/289263/files/991033096849706532_A2517940_411.jpg</subfield>
  </datafield>
  <datafield tag="856" ind1="4" ind2=" ">
    <subfield code="9">85ebb898-bf23-4029-994b-9bed7142adbe</subfield>
    <subfield code="s">3150363</subfield>
    <subfield code="u">https://digicoll.lib.berkeley.edu/record/289263/files/991033096849706532_A2517940_412.jpg</subfield>
  </datafield>
  <datafield tag="856" ind1="4" ind2=" ">
    <subfield code="9">953cff2c-2854-49ac-96c4-fe1fae237cd5</subfield>
    <subfield code="s">2936871</subfield>
    <subfield code="u">https://digicoll.lib.berkeley.edu/record/289263/files/991033096849706532_A2517940_413.jpg</subfield>
  </datafield>
  <datafield tag="856" ind1="4" ind2=" ">
    <subfield code="9">81c7e766-60fc-417d-9a19-1c652b6382a1</subfield>
    <subfield code="s">3621771</subfield>
    <subfield code="u">https://digicoll.lib.berkeley.edu/record/289263/files/991033096849706532_A2517940_414.jpg</subfield>
  </datafield>
  <datafield tag="856" ind1="4" ind2=" ">
    <subfield code="9">a5932997-0c39-4575-b449-1e0b5ff2c9a8</subfield>
    <subfield code="s">3433411</subfield>
    <subfield code="u">https://digicoll.lib.berkeley.edu/record/289263/files/991033096849706532_A2517940_415.jpg</subfield>
  </datafield>
  <datafield tag="856" ind1="4" ind2=" ">
    <subfield code="9">e8e000c1-8524-423d-8534-6dfe88f1fc61</subfield>
    <subfield code="s">3711038</subfield>
    <subfield code="u">https://digicoll.lib.berkeley.edu/record/289263/files/991033096849706532_A2517940_416.jpg</subfield>
  </datafield>
  <datafield tag="856" ind1="4" ind2=" ">
    <subfield code="9">a52fbf66-f94d-4bd0-9139-4bd3c50745e9</subfield>
    <subfield code="s">2787308</subfield>
    <subfield code="u">https://digicoll.lib.berkeley.edu/record/289263/files/991033096849706532_A2517940_417.jpg</subfield>
  </datafield>
  <datafield tag="856" ind1="4" ind2=" ">
    <subfield code="9">e1a2f10c-f047-4f7c-9601-7cc4cb553bfe</subfield>
    <subfield code="s">3224758</subfield>
    <subfield code="u">https://digicoll.lib.berkeley.edu/record/289263/files/991033096849706532_A2517940_418.jpg</subfield>
  </datafield>
  <datafield tag="856" ind1="4" ind2=" ">
    <subfield code="9">d7787ae5-4624-4404-9181-47cbaf6689e9</subfield>
    <subfield code="s">3034516</subfield>
    <subfield code="u">https://digicoll.lib.berkeley.edu/record/289263/files/991033096849706532_A2517940_419.jpg</subfield>
  </datafield>
  <datafield tag="856" ind1="4" ind2=" ">
    <subfield code="9">22efabd1-bc7c-441c-bc34-988099503463</subfield>
    <subfield code="s">3060706</subfield>
    <subfield code="u">https://digicoll.lib.berkeley.edu/record/289263/files/991033096849706532_A2517940_420.jpg</subfield>
  </datafield>
  <datafield tag="856" ind1="4" ind2=" ">
    <subfield code="9">3a222c73-b736-46bc-989c-95127f56fe91</subfield>
    <subfield code="s">2743026</subfield>
    <subfield code="u">https://digicoll.lib.berkeley.edu/record/289263/files/991033096849706532_A2517940_421.jpg</subfield>
  </datafield>
  <datafield tag="856" ind1="4" ind2=" ">
    <subfield code="9">281b1622-295a-4cee-be5c-2197c4807015</subfield>
    <subfield code="s">3454846</subfield>
    <subfield code="u">https://digicoll.lib.berkeley.edu/record/289263/files/991033096849706532_A2517940_422.jpg</subfield>
  </datafield>
  <datafield tag="856" ind1="4" ind2=" ">
    <subfield code="9">a3879c80-f115-46ec-a3d8-bd878f30fc84</subfield>
    <subfield code="s">3041718</subfield>
    <subfield code="u">https://digicoll.lib.berkeley.edu/record/289263/files/991033096849706532_A2517940_423.jpg</subfield>
  </datafield>
  <datafield tag="856" ind1="4" ind2=" ">
    <subfield code="9">b899602d-db70-43dd-99e2-69b5606579fd</subfield>
    <subfield code="s">3155508</subfield>
    <subfield code="u">https://digicoll.lib.berkeley.edu/record/289263/files/991033096849706532_A2517940_424.jpg</subfield>
  </datafield>
  <datafield tag="856" ind1="4" ind2=" ">
    <subfield code="9">89eb66df-5454-4bb1-955a-11ee9842630f</subfield>
    <subfield code="s">3086487</subfield>
    <subfield code="u">https://digicoll.lib.berkeley.edu/record/289263/files/991033096849706532_A2517940_425.jpg</subfield>
  </datafield>
  <datafield tag="856" ind1="4" ind2=" ">
    <subfield code="9">c8b8f990-944d-4cfd-b281-8deadeeb31d7</subfield>
    <subfield code="s">2685856</subfield>
    <subfield code="u">https://digicoll.lib.berkeley.edu/record/289263/files/991033096849706532_A2517940_426.jpg</subfield>
  </datafield>
  <datafield tag="856" ind1="4" ind2=" ">
    <subfield code="9">f4c350a9-29c1-4f97-8709-9a96f154a0c8</subfield>
    <subfield code="s">3097394</subfield>
    <subfield code="u">https://digicoll.lib.berkeley.edu/record/289263/files/991033096849706532_A2517940_427.jpg</subfield>
  </datafield>
  <datafield tag="856" ind1="4" ind2=" ">
    <subfield code="9">866c5e08-495e-4108-b6e6-8bb49a4f21cb</subfield>
    <subfield code="s">2997192</subfield>
    <subfield code="u">https://digicoll.lib.berkeley.edu/record/289263/files/991033096849706532_A2517940_428.jpg</subfield>
  </datafield>
  <datafield tag="856" ind1="4" ind2=" ">
    <subfield code="9">e6de1d68-623d-4bbf-9ecc-41d4e18b1d0b</subfield>
    <subfield code="s">3039414</subfield>
    <subfield code="u">https://digicoll.lib.berkeley.edu/record/289263/files/991033096849706532_A2517940_429.jpg</subfield>
  </datafield>
  <datafield tag="856" ind1="4" ind2=" ">
    <subfield code="9">e7b3d611-a9b5-447f-818f-c9b5ab466da2</subfield>
    <subfield code="s">3442033</subfield>
    <subfield code="u">https://digicoll.lib.berkeley.edu/record/289263/files/991033096849706532_A2517940_430.jpg</subfield>
  </datafield>
  <datafield tag="856" ind1="4" ind2=" ">
    <subfield code="9">836927a2-d370-419e-8a5e-5a24bb39dc2f</subfield>
    <subfield code="s">3183327</subfield>
    <subfield code="u">https://digicoll.lib.berkeley.edu/record/289263/files/991033096849706532_A2517940_431.jpg</subfield>
  </datafield>
  <datafield tag="856" ind1="4" ind2=" ">
    <subfield code="9">44d82290-b870-443f-80d1-20d3a23183fe</subfield>
    <subfield code="s">2932627</subfield>
    <subfield code="u">https://digicoll.lib.berkeley.edu/record/289263/files/991033096849706532_A2517940_432.jpg</subfield>
  </datafield>
  <datafield tag="856" ind1="4" ind2=" ">
    <subfield code="9">42782429-29f3-4b95-bae8-954afae503f0</subfield>
    <subfield code="s">3153057</subfield>
    <subfield code="u">https://digicoll.lib.berkeley.edu/record/289263/files/991033096849706532_A2517940_433.jpg</subfield>
  </datafield>
  <datafield tag="856" ind1="4" ind2=" ">
    <subfield code="9">1a651e9f-f79e-44ba-9686-3b8153e58701</subfield>
    <subfield code="s">2693008</subfield>
    <subfield code="u">https://digicoll.lib.berkeley.edu/record/289263/files/991033096849706532_A2517940_434.jpg</subfield>
  </datafield>
  <datafield tag="856" ind1="4" ind2=" ">
    <subfield code="9">76777e9c-50d5-48a8-9386-e64298fe28df</subfield>
    <subfield code="s">2969753</subfield>
    <subfield code="u">https://digicoll.lib.berkeley.edu/record/289263/files/991033096849706532_A2517940_435.jpg</subfield>
  </datafield>
  <datafield tag="856" ind1="4" ind2=" ">
    <subfield code="9">648cd839-0f59-43a4-a478-0581015f619c</subfield>
    <subfield code="s">3142728</subfield>
    <subfield code="u">https://digicoll.lib.berkeley.edu/record/289263/files/991033096849706532_A2517940_436.jpg</subfield>
  </datafield>
  <datafield tag="856" ind1="4" ind2=" ">
    <subfield code="9">fd59bde0-b8fe-4520-8433-a4b6e2c65aeb</subfield>
    <subfield code="s">3590747</subfield>
    <subfield code="u">https://digicoll.lib.berkeley.edu/record/289263/files/991033096849706532_A2517940_437.jpg</subfield>
  </datafield>
  <datafield tag="856" ind1="4" ind2=" ">
    <subfield code="9">4466a031-218e-4696-ac39-567d91d9626a</subfield>
    <subfield code="s">3728100</subfield>
    <subfield code="u">https://digicoll.lib.berkeley.edu/record/289263/files/991033096849706532_A2517940_438.jpg</subfield>
  </datafield>
  <datafield tag="856" ind1="4" ind2=" ">
    <subfield code="9">3ed92410-e7dd-480d-b801-cf175ec11638</subfield>
    <subfield code="s">3325318</subfield>
    <subfield code="u">https://digicoll.lib.berkeley.edu/record/289263/files/991033096849706532_A2517940_439.jpg</subfield>
  </datafield>
  <datafield tag="856" ind1="4" ind2=" ">
    <subfield code="9">3f69e393-3b5b-498c-b0e3-0abaaea3712a</subfield>
    <subfield code="s">3278943</subfield>
    <subfield code="u">https://digicoll.lib.berkeley.edu/record/289263/files/991033096849706532_A2517940_440.jpg</subfield>
  </datafield>
  <datafield tag="856" ind1="4" ind2=" ">
    <subfield code="9">a27e1e3d-896b-41c8-959c-25aa836fb45d</subfield>
    <subfield code="s">2785186</subfield>
    <subfield code="u">https://digicoll.lib.berkeley.edu/record/289263/files/991033096849706532_A2517940_441.jpg</subfield>
  </datafield>
  <datafield tag="856" ind1="4" ind2=" ">
    <subfield code="9">a8be2c15-9909-433b-8cb1-ecfdddd0c48a</subfield>
    <subfield code="s">3010080</subfield>
    <subfield code="u">https://digicoll.lib.berkeley.edu/record/289263/files/991033096849706532_A2517940_442.jpg</subfield>
  </datafield>
  <datafield tag="856" ind1="4" ind2=" ">
    <subfield code="9">81e93cd4-15fb-4ce3-9c07-ef3a229eb3fd</subfield>
    <subfield code="s">2895718</subfield>
    <subfield code="u">https://digicoll.lib.berkeley.edu/record/289263/files/991033096849706532_A2517940_443.jpg</subfield>
  </datafield>
  <datafield tag="856" ind1="4" ind2=" ">
    <subfield code="9">f14b04cc-1009-4149-8f7e-8da14bc5b6b9</subfield>
    <subfield code="s">3209165</subfield>
    <subfield code="u">https://digicoll.lib.berkeley.edu/record/289263/files/991033096849706532_A2517940_444.jpg</subfield>
  </datafield>
  <datafield tag="856" ind1="4" ind2=" ">
    <subfield code="9">2c2a8fde-42fb-43a5-93a2-bdde16dae6c2</subfield>
    <subfield code="s">3173476</subfield>
    <subfield code="u">https://digicoll.lib.berkeley.edu/record/289263/files/991033096849706532_A2517940_445.jpg</subfield>
  </datafield>
  <datafield tag="856" ind1="4" ind2=" ">
    <subfield code="9">f73246c8-b546-4d34-b3b6-30f07667fefc</subfield>
    <subfield code="s">3374639</subfield>
    <subfield code="u">https://digicoll.lib.berkeley.edu/record/289263/files/991033096849706532_A2517940_446.jpg</subfield>
  </datafield>
  <datafield tag="856" ind1="4" ind2=" ">
    <subfield code="9">ed3f2b97-be06-44ba-97e8-4fffd6ba212b</subfield>
    <subfield code="s">2068996</subfield>
    <subfield code="u">https://digicoll.lib.berkeley.edu/record/289263/files/991033096849706532_A2517940_447.jpg</subfield>
  </datafield>
  <datafield tag="856" ind1="4" ind2=" ">
    <subfield code="9">521412c9-6820-4b99-b31f-3dd0d2eaea0e</subfield>
    <subfield code="s">1873608</subfield>
    <subfield code="u">https://digicoll.lib.berkeley.edu/record/289263/files/991033096849706532_A2517940_448.jpg</subfield>
  </datafield>
  <datafield tag="856" ind1="4" ind2=" ">
    <subfield code="9">13f23e90-e2d9-4d09-af37-854a02d9b035</subfield>
    <subfield code="s">2498731</subfield>
    <subfield code="u">https://digicoll.lib.berkeley.edu/record/289263/files/991033096849706532_A2517940_449.jpg</subfield>
  </datafield>
  <datafield tag="856" ind1="4" ind2=" ">
    <subfield code="9">f8355a65-b8b8-453d-a452-e3e07be27920</subfield>
    <subfield code="s">3591304</subfield>
    <subfield code="u">https://digicoll.lib.berkeley.edu/record/289263/files/991033096849706532_A2517940_450.jpg</subfield>
  </datafield>
  <datafield tag="856" ind1="4" ind2=" ">
    <subfield code="9">c0307d17-3308-4bd1-b279-7d770b2850fe</subfield>
    <subfield code="s">2498078</subfield>
    <subfield code="u">https://digicoll.lib.berkeley.edu/record/289263/files/991033096849706532_A2517940_451.jpg</subfield>
  </datafield>
  <datafield tag="856" ind1="4" ind2=" ">
    <subfield code="9">fc1c732d-1347-4228-8b19-6888631dd526</subfield>
    <subfield code="s">3105881</subfield>
    <subfield code="u">https://digicoll.lib.berkeley.edu/record/289263/files/991033096849706532_A2517940_452.jpg</subfield>
  </datafield>
  <datafield tag="856" ind1="4" ind2=" ">
    <subfield code="9">cd07b208-5b2d-44ca-ad95-f40b66bc6b49</subfield>
    <subfield code="s">2826662</subfield>
    <subfield code="u">https://digicoll.lib.berkeley.edu/record/289263/files/991033096849706532_A2517940_453.jpg</subfield>
  </datafield>
  <datafield tag="856" ind1="4" ind2=" ">
    <subfield code="9">59bbfb59-7ebc-4eee-943f-6fcd55832806</subfield>
    <subfield code="s">3119268</subfield>
    <subfield code="u">https://digicoll.lib.berkeley.edu/record/289263/files/991033096849706532_A2517940_454.jpg</subfield>
  </datafield>
  <datafield tag="856" ind1="4" ind2=" ">
    <subfield code="9">a7fd4b12-34c1-44a1-ba70-458bfd66bb4e</subfield>
    <subfield code="s">3613509</subfield>
    <subfield code="u">https://digicoll.lib.berkeley.edu/record/289263/files/991033096849706532_A2517940_455.jpg</subfield>
  </datafield>
  <datafield tag="856" ind1="4" ind2=" ">
    <subfield code="9">e4aa63aa-1729-4a4d-9b2f-28d6ebaaacaf</subfield>
    <subfield code="s">3012906</subfield>
    <subfield code="u">https://digicoll.lib.berkeley.edu/record/289263/files/991033096849706532_A2517940_456.jpg</subfield>
  </datafield>
  <datafield tag="856" ind1="4" ind2=" ">
    <subfield code="9">bc5f0fad-608a-4d18-a4f8-997a855ba040</subfield>
    <subfield code="s">3190903</subfield>
    <subfield code="u">https://digicoll.lib.berkeley.edu/record/289263/files/991033096849706532_A2517940_457.jpg</subfield>
  </datafield>
  <datafield tag="856" ind1="4" ind2=" ">
    <subfield code="9">1d9f4a9f-c3f2-4492-ab0d-578a4c103579</subfield>
    <subfield code="s">2638659</subfield>
    <subfield code="u">https://digicoll.lib.berkeley.edu/record/289263/files/991033096849706532_A2517940_458.jpg</subfield>
  </datafield>
  <datafield tag="856" ind1="4" ind2=" ">
    <subfield code="9">27bc061c-c440-4abd-9749-5fa5db665b2c</subfield>
    <subfield code="s">3007422</subfield>
    <subfield code="u">https://digicoll.lib.berkeley.edu/record/289263/files/991033096849706532_A2517940_459.jpg</subfield>
  </datafield>
  <datafield tag="856" ind1="4" ind2=" ">
    <subfield code="9">278f7cd7-4b50-47ae-82cc-c569be899181</subfield>
    <subfield code="s">2784825</subfield>
    <subfield code="u">https://digicoll.lib.berkeley.edu/record/289263/files/991033096849706532_A2517940_460.jpg</subfield>
  </datafield>
  <datafield tag="856" ind1="4" ind2=" ">
    <subfield code="9">6f4ec8c8-87d0-482c-a76b-e779e24938cc</subfield>
    <subfield code="s">2922080</subfield>
    <subfield code="u">https://digicoll.lib.berkeley.edu/record/289263/files/991033096849706532_A2517940_461.jpg</subfield>
  </datafield>
  <datafield tag="856" ind1="4" ind2=" ">
    <subfield code="9">35329ae0-bb8a-4479-9f30-5a141576b4d4</subfield>
    <subfield code="s">2901311</subfield>
    <subfield code="u">https://digicoll.lib.berkeley.edu/record/289263/files/991033096849706532_A2517940_462.jpg</subfield>
  </datafield>
  <datafield tag="856" ind1="4" ind2=" ">
    <subfield code="9">c314450d-b687-4c66-8534-c1efb6079289</subfield>
    <subfield code="s">2935768</subfield>
    <subfield code="u">https://digicoll.lib.berkeley.edu/record/289263/files/991033096849706532_A2517940_463.jpg</subfield>
  </datafield>
  <datafield tag="856" ind1="4" ind2=" ">
    <subfield code="9">a6f3d03d-c51a-4dd2-8153-aae7b1a13d1a</subfield>
    <subfield code="s">2600706</subfield>
    <subfield code="u">https://digicoll.lib.berkeley.edu/record/289263/files/991033096849706532_A2517940_464.jpg</subfield>
  </datafield>
  <datafield tag="856" ind1="4" ind2=" ">
    <subfield code="9">467b3a92-9710-44f2-acc1-49e9a50c4385</subfield>
    <subfield code="s">2911508</subfield>
    <subfield code="u">https://digicoll.lib.berkeley.edu/record/289263/files/991033096849706532_A2517940_465.jpg</subfield>
  </datafield>
  <datafield tag="856" ind1="4" ind2=" ">
    <subfield code="9">6ba417d3-f2cf-46a7-b6ae-838eb3412862</subfield>
    <subfield code="s">2792070</subfield>
    <subfield code="u">https://digicoll.lib.berkeley.edu/record/289263/files/991033096849706532_A2517940_466.jpg</subfield>
  </datafield>
  <datafield tag="856" ind1="4" ind2=" ">
    <subfield code="9">750171ba-3c94-41f1-897a-6d149d1f6586</subfield>
    <subfield code="s">3024049</subfield>
    <subfield code="u">https://digicoll.lib.berkeley.edu/record/289263/files/991033096849706532_A2517940_467.jpg</subfield>
  </datafield>
  <datafield tag="856" ind1="4" ind2=" ">
    <subfield code="9">17873dcf-9262-4ed1-8a6f-9dfa6244d4e8</subfield>
    <subfield code="s">2668076</subfield>
    <subfield code="u">https://digicoll.lib.berkeley.edu/record/289263/files/991033096849706532_A2517940_468.jpg</subfield>
  </datafield>
  <datafield tag="856" ind1="4" ind2=" ">
    <subfield code="9">b8da76d7-a2ea-471a-a0ce-e2258ba82635</subfield>
    <subfield code="s">2988083</subfield>
    <subfield code="u">https://digicoll.lib.berkeley.edu/record/289263/files/991033096849706532_A2517940_469.jpg</subfield>
  </datafield>
  <datafield tag="856" ind1="4" ind2=" ">
    <subfield code="9">061f321e-39e2-4605-8a77-b9075e4fe696</subfield>
    <subfield code="s">2970825</subfield>
    <subfield code="u">https://digicoll.lib.berkeley.edu/record/289263/files/991033096849706532_A2517940_470.jpg</subfield>
  </datafield>
  <datafield tag="856" ind1="4" ind2=" ">
    <subfield code="9">08d8ceb0-95de-4170-94a5-adb737705349</subfield>
    <subfield code="s">2929266</subfield>
    <subfield code="u">https://digicoll.lib.berkeley.edu/record/289263/files/991033096849706532_A2517940_471.jpg</subfield>
  </datafield>
  <datafield tag="856" ind1="4" ind2=" ">
    <subfield code="9">236132d5-84fc-4de8-9f0b-a9ec03a4ddec</subfield>
    <subfield code="s">2794166</subfield>
    <subfield code="u">https://digicoll.lib.berkeley.edu/record/289263/files/991033096849706532_A2517940_472.jpg</subfield>
  </datafield>
  <datafield tag="856" ind1="4" ind2=" ">
    <subfield code="9">83b35b6a-b84b-4d9c-b253-3861ae963f85</subfield>
    <subfield code="s">2851544</subfield>
    <subfield code="u">https://digicoll.lib.berkeley.edu/record/289263/files/991033096849706532_A2517940_473.jpg</subfield>
  </datafield>
  <datafield tag="856" ind1="4" ind2=" ">
    <subfield code="9">a9893848-c87a-4571-a5ff-2b7887b6200c</subfield>
    <subfield code="s">2660740</subfield>
    <subfield code="u">https://digicoll.lib.berkeley.edu/record/289263/files/991033096849706532_A2517940_474.jpg</subfield>
  </datafield>
  <datafield tag="856" ind1="4" ind2=" ">
    <subfield code="9">cdd3bcee-d623-47ff-8d8e-963ee129e3a8</subfield>
    <subfield code="s">3148702</subfield>
    <subfield code="u">https://digicoll.lib.berkeley.edu/record/289263/files/991033096849706532_A2517940_475.jpg</subfield>
  </datafield>
  <datafield tag="856" ind1="4" ind2=" ">
    <subfield code="9">e4350ddb-e9f6-4b14-a902-e2976c38442d</subfield>
    <subfield code="s">3027651</subfield>
    <subfield code="u">https://digicoll.lib.berkeley.edu/record/289263/files/991033096849706532_A2517940_476.jpg</subfield>
  </datafield>
  <datafield tag="856" ind1="4" ind2=" ">
    <subfield code="9">04f69221-2a5e-48d4-9cf6-890b2dfb3bfa</subfield>
    <subfield code="s">3114368</subfield>
    <subfield code="u">https://digicoll.lib.berkeley.edu/record/289263/files/991033096849706532_A2517940_477.jpg</subfield>
  </datafield>
  <datafield tag="856" ind1="4" ind2=" ">
    <subfield code="9">37b3cf94-3c26-48a0-a979-eba320984c86</subfield>
    <subfield code="s">2771966</subfield>
    <subfield code="u">https://digicoll.lib.berkeley.edu/record/289263/files/991033096849706532_A2517940_478.jpg</subfield>
  </datafield>
  <datafield tag="856" ind1="4" ind2=" ">
    <subfield code="9">2765f579-93ee-405e-9a08-f7801c182340</subfield>
    <subfield code="s">3028031</subfield>
    <subfield code="u">https://digicoll.lib.berkeley.edu/record/289263/files/991033096849706532_A2517940_479.jpg</subfield>
  </datafield>
  <datafield tag="856" ind1="4" ind2=" ">
    <subfield code="9">26da1d69-ea56-4aef-8b5b-81a745d0ed3e</subfield>
    <subfield code="s">2776742</subfield>
    <subfield code="u">https://digicoll.lib.berkeley.edu/record/289263/files/991033096849706532_A2517940_480.jpg</subfield>
  </datafield>
  <datafield tag="856" ind1="4" ind2=" ">
    <subfield code="9">a5c3b5bb-89e7-42cd-bd70-398f86ed5703</subfield>
    <subfield code="s">2997102</subfield>
    <subfield code="u">https://digicoll.lib.berkeley.edu/record/289263/files/991033096849706532_A2517940_481.jpg</subfield>
  </datafield>
  <datafield tag="856" ind1="4" ind2=" ">
    <subfield code="9">60952086-4236-41f1-8f39-7945807f5d1c</subfield>
    <subfield code="s">3094503</subfield>
    <subfield code="u">https://digicoll.lib.berkeley.edu/record/289263/files/991033096849706532_A2517940_482.jpg</subfield>
  </datafield>
  <datafield tag="856" ind1="4" ind2=" ">
    <subfield code="9">4a864499-8fe0-472d-afe5-3b888c004945</subfield>
    <subfield code="s">3003297</subfield>
    <subfield code="u">https://digicoll.lib.berkeley.edu/record/289263/files/991033096849706532_A2517940_483.jpg</subfield>
  </datafield>
  <datafield tag="856" ind1="4" ind2=" ">
    <subfield code="9">d2c0cc95-61d4-496f-b69a-d26dd163b209</subfield>
    <subfield code="s">2806255</subfield>
    <subfield code="u">https://digicoll.lib.berkeley.edu/record/289263/files/991033096849706532_A2517940_484.jpg</subfield>
  </datafield>
  <datafield tag="856" ind1="4" ind2=" ">
    <subfield code="9">8bba1d4c-d540-4bc0-9447-c139c3c83904</subfield>
    <subfield code="s">3003258</subfield>
    <subfield code="u">https://digicoll.lib.berkeley.edu/record/289263/files/991033096849706532_A2517940_485.jpg</subfield>
  </datafield>
  <datafield tag="856" ind1="4" ind2=" ">
    <subfield code="9">6616dda6-34f6-495b-9d47-af9ffd39f4d7</subfield>
    <subfield code="s">2697375</subfield>
    <subfield code="u">https://digicoll.lib.berkeley.edu/record/289263/files/991033096849706532_A2517940_486.jpg</subfield>
  </datafield>
  <datafield tag="856" ind1="4" ind2=" ">
    <subfield code="9">44a5450c-2ff0-4f86-8a92-e82537bc7d2c</subfield>
    <subfield code="s">3246391</subfield>
    <subfield code="u">https://digicoll.lib.berkeley.edu/record/289263/files/991033096849706532_A2517940_487.jpg</subfield>
  </datafield>
  <datafield tag="856" ind1="4" ind2=" ">
    <subfield code="9">b09b5d25-169d-4e1e-ba21-4fdf54bac50c</subfield>
    <subfield code="s">2663936</subfield>
    <subfield code="u">https://digicoll.lib.berkeley.edu/record/289263/files/991033096849706532_A2517940_488.jpg</subfield>
  </datafield>
  <datafield tag="856" ind1="4" ind2=" ">
    <subfield code="9">357af6ed-5af4-48bf-8779-8e8630e02fb7</subfield>
    <subfield code="s">3099012</subfield>
    <subfield code="u">https://digicoll.lib.berkeley.edu/record/289263/files/991033096849706532_A2517940_489.jpg</subfield>
  </datafield>
  <datafield tag="856" ind1="4" ind2=" ">
    <subfield code="9">ef546ea7-e2e1-4a50-abd9-92c7c6d791ed</subfield>
    <subfield code="s">2913832</subfield>
    <subfield code="u">https://digicoll.lib.berkeley.edu/record/289263/files/991033096849706532_A2517940_490.jpg</subfield>
  </datafield>
  <datafield tag="856" ind1="4" ind2=" ">
    <subfield code="9">b3f8500e-a3c3-4087-b2de-f1fd285eccf7</subfield>
    <subfield code="s">3212247</subfield>
    <subfield code="u">https://digicoll.lib.berkeley.edu/record/289263/files/991033096849706532_A2517940_491.jpg</subfield>
  </datafield>
  <datafield tag="856" ind1="4" ind2=" ">
    <subfield code="9">91275e09-08b5-48ea-bc11-7863d156817b</subfield>
    <subfield code="s">2773188</subfield>
    <subfield code="u">https://digicoll.lib.berkeley.edu/record/289263/files/991033096849706532_A2517940_492.jpg</subfield>
  </datafield>
  <datafield tag="856" ind1="4" ind2=" ">
    <subfield code="9">d26fff1b-69b2-4240-9d44-abca8190ab31</subfield>
    <subfield code="s">2850524</subfield>
    <subfield code="u">https://digicoll.lib.berkeley.edu/record/289263/files/991033096849706532_A2517940_493.jpg</subfield>
  </datafield>
  <datafield tag="856" ind1="4" ind2=" ">
    <subfield code="9">65cbbb16-0e68-426d-a466-68366b199157</subfield>
    <subfield code="s">2631629</subfield>
    <subfield code="u">https://digicoll.lib.berkeley.edu/record/289263/files/991033096849706532_A2517940_494.jpg</subfield>
  </datafield>
  <datafield tag="856" ind1="4" ind2=" ">
    <subfield code="9">b2e436f4-295b-4c23-ba62-a8aba7727eb1</subfield>
    <subfield code="s">3092426</subfield>
    <subfield code="u">https://digicoll.lib.berkeley.edu/record/289263/files/991033096849706532_A2517940_495.jpg</subfield>
  </datafield>
  <datafield tag="856" ind1="4" ind2=" ">
    <subfield code="9">eedbc24f-fd8e-42fe-a01b-a3eb09ad72a5</subfield>
    <subfield code="s">2785172</subfield>
    <subfield code="u">https://digicoll.lib.berkeley.edu/record/289263/files/991033096849706532_A2517940_496.jpg</subfield>
  </datafield>
  <datafield tag="856" ind1="4" ind2=" ">
    <subfield code="9">76dad4c9-4ae3-49d1-81d2-5f562f73b6b4</subfield>
    <subfield code="s">2860938</subfield>
    <subfield code="u">https://digicoll.lib.berkeley.edu/record/289263/files/991033096849706532_A2517940_497.jpg</subfield>
  </datafield>
  <datafield tag="856" ind1="4" ind2=" ">
    <subfield code="9">93978b14-14c7-4196-a5c8-822375ff7d9b</subfield>
    <subfield code="s">2946201</subfield>
    <subfield code="u">https://digicoll.lib.berkeley.edu/record/289263/files/991033096849706532_A2517940_498.jpg</subfield>
  </datafield>
  <datafield tag="856" ind1="4" ind2=" ">
    <subfield code="9">b24f4f2d-d846-4783-8db0-23190b4aea38</subfield>
    <subfield code="s">2960936</subfield>
    <subfield code="u">https://digicoll.lib.berkeley.edu/record/289263/files/991033096849706532_A2517940_499.jpg</subfield>
  </datafield>
  <datafield tag="856" ind1="4" ind2=" ">
    <subfield code="9">70fec355-2c8f-4c6f-bda6-7a244f68e4f8</subfield>
    <subfield code="s">2820653</subfield>
    <subfield code="u">https://digicoll.lib.berkeley.edu/record/289263/files/991033096849706532_A2517940_500.jpg</subfield>
  </datafield>
  <datafield tag="856" ind1="4" ind2=" ">
    <subfield code="9">a7244a48-b03d-4c45-94b3-e4ef0dc84afd</subfield>
    <subfield code="s">3000842</subfield>
    <subfield code="u">https://digicoll.lib.berkeley.edu/record/289263/files/991033096849706532_A2517940_501.jpg</subfield>
  </datafield>
  <datafield tag="856" ind1="4" ind2=" ">
    <subfield code="9">8cf427e5-20cc-431b-9aa0-2aae250d6a44</subfield>
    <subfield code="s">2883073</subfield>
    <subfield code="u">https://digicoll.lib.berkeley.edu/record/289263/files/991033096849706532_A2517940_502.jpg</subfield>
  </datafield>
  <datafield tag="856" ind1="4" ind2=" ">
    <subfield code="9">530ca9f4-cc3a-4c70-83cb-4d097e9803d0</subfield>
    <subfield code="s">2998543</subfield>
    <subfield code="u">https://digicoll.lib.berkeley.edu/record/289263/files/991033096849706532_A2517940_503.jpg</subfield>
  </datafield>
  <datafield tag="856" ind1="4" ind2=" ">
    <subfield code="9">64664f11-024d-47fc-9322-950be2f72112</subfield>
    <subfield code="s">2656089</subfield>
    <subfield code="u">https://digicoll.lib.berkeley.edu/record/289263/files/991033096849706532_A2517940_504.jpg</subfield>
  </datafield>
  <datafield tag="856" ind1="4" ind2=" ">
    <subfield code="9">c3b3e642-bada-4fe4-a64d-bb0a1891f793</subfield>
    <subfield code="s">2810564</subfield>
    <subfield code="u">https://digicoll.lib.berkeley.edu/record/289263/files/991033096849706532_A2517940_505.jpg</subfield>
  </datafield>
  <datafield tag="856" ind1="4" ind2=" ">
    <subfield code="9">010cd5ca-e76c-472b-a458-cc16a90b940b</subfield>
    <subfield code="s">2818940</subfield>
    <subfield code="u">https://digicoll.lib.berkeley.edu/record/289263/files/991033096849706532_A2517940_506.jpg</subfield>
  </datafield>
  <datafield tag="856" ind1="4" ind2=" ">
    <subfield code="9">9a0bf483-b31d-42e8-906a-582416fd067a</subfield>
    <subfield code="s">2761538</subfield>
    <subfield code="u">https://digicoll.lib.berkeley.edu/record/289263/files/991033096849706532_A2517940_507.jpg</subfield>
  </datafield>
  <datafield tag="856" ind1="4" ind2=" ">
    <subfield code="9">3086f41f-504d-4ea5-8889-6e3796935330</subfield>
    <subfield code="s">2748060</subfield>
    <subfield code="u">https://digicoll.lib.berkeley.edu/record/289263/files/991033096849706532_A2517940_508.jpg</subfield>
  </datafield>
  <datafield tag="856" ind1="4" ind2=" ">
    <subfield code="9">70b58e30-ba6b-4d2f-8099-c539296563fb</subfield>
    <subfield code="s">2824243</subfield>
    <subfield code="u">https://digicoll.lib.berkeley.edu/record/289263/files/991033096849706532_A2517940_509.jpg</subfield>
  </datafield>
  <datafield tag="856" ind1="4" ind2=" ">
    <subfield code="9">a9e7783c-0054-4ab9-84e7-db52e8e4f2be</subfield>
    <subfield code="s">2963266</subfield>
    <subfield code="u">https://digicoll.lib.berkeley.edu/record/289263/files/991033096849706532_A2517940_510.jpg</subfield>
  </datafield>
  <datafield tag="856" ind1="4" ind2=" ">
    <subfield code="9">929eb95a-f6b9-4448-b900-6479ab78a3c0</subfield>
    <subfield code="s">3001357</subfield>
    <subfield code="u">https://digicoll.lib.berkeley.edu/record/289263/files/991033096849706532_A2517940_511.jpg</subfield>
  </datafield>
  <datafield tag="856" ind1="4" ind2=" ">
    <subfield code="9">334f188a-915f-4576-b619-4b18fbebbf00</subfield>
    <subfield code="s">2732605</subfield>
    <subfield code="u">https://digicoll.lib.berkeley.edu/record/289263/files/991033096849706532_A2517940_512.jpg</subfield>
  </datafield>
  <datafield tag="856" ind1="4" ind2=" ">
    <subfield code="9">703b30d1-9529-4b6e-a568-fe89f0896f0f</subfield>
    <subfield code="s">2683316</subfield>
    <subfield code="u">https://digicoll.lib.berkeley.edu/record/289263/files/991033096849706532_A2517940_513.jpg</subfield>
  </datafield>
  <datafield tag="856" ind1="4" ind2=" ">
    <subfield code="9">c5229650-658e-41a4-b8bc-8cc60644990a</subfield>
    <subfield code="s">2729853</subfield>
    <subfield code="u">https://digicoll.lib.berkeley.edu/record/289263/files/991033096849706532_A2517940_514.jpg</subfield>
  </datafield>
  <datafield tag="856" ind1="4" ind2=" ">
    <subfield code="9">7488e2fe-fc03-4ae5-8437-ab51edd5a5cc</subfield>
    <subfield code="s">3234855</subfield>
    <subfield code="u">https://digicoll.lib.berkeley.edu/record/289263/files/991033096849706532_A2517940_515.jpg</subfield>
  </datafield>
  <datafield tag="856" ind1="4" ind2=" ">
    <subfield code="9">e95a7171-4c8b-49f9-9a8f-34b936a8136d</subfield>
    <subfield code="s">2677478</subfield>
    <subfield code="u">https://digicoll.lib.berkeley.edu/record/289263/files/991033096849706532_A2517940_516.jpg</subfield>
  </datafield>
  <datafield tag="856" ind1="4" ind2=" ">
    <subfield code="9">9bd35f60-2bc0-4299-a6e6-86ab48d19023</subfield>
    <subfield code="s">2631501</subfield>
    <subfield code="u">https://digicoll.lib.berkeley.edu/record/289263/files/991033096849706532_A2517940_517.jpg</subfield>
  </datafield>
  <datafield tag="856" ind1="4" ind2=" ">
    <subfield code="9">25be0611-6e2a-4ccc-80f1-0fcb075cffe8</subfield>
    <subfield code="s">1947762</subfield>
    <subfield code="u">https://digicoll.lib.berkeley.edu/record/289263/files/991033096849706532_A2517940_518.jpg</subfield>
  </datafield>
  <datafield tag="856" ind1="4" ind2=" ">
    <subfield code="9">1bbdc505-25e7-41d7-9b2a-92ecdfdf6b11</subfield>
    <subfield code="s">2458924</subfield>
    <subfield code="u">https://digicoll.lib.berkeley.edu/record/289263/files/991033096849706532_A2517940_519.jpg</subfield>
  </datafield>
  <datafield tag="856" ind1="4" ind2=" ">
    <subfield code="9">62bc6efb-393e-4db4-94e4-665ad2530add</subfield>
    <subfield code="s">3335499</subfield>
    <subfield code="u">https://digicoll.lib.berkeley.edu/record/289263/files/991033096849706532_A2517940_520.jpg</subfield>
  </datafield>
  <datafield tag="856" ind1="4" ind2=" ">
    <subfield code="9">6384ac29-013b-428f-b4b4-9cddee31b92b</subfield>
    <subfield code="s">3370223</subfield>
    <subfield code="u">https://digicoll.lib.berkeley.edu/record/289263/files/991033096849706532_A2517940_521.jpg</subfield>
  </datafield>
  <datafield tag="856" ind1="4" ind2=" ">
    <subfield code="9">007309aa-7982-4600-80bd-79e0c40c831c</subfield>
    <subfield code="s">1918596</subfield>
    <subfield code="u">https://digicoll.lib.berkeley.edu/record/289263/files/991033096849706532_A2517940_522.jpg</subfield>
  </datafield>
  <datafield tag="856" ind1="4" ind2=" ">
    <subfield code="9">3a92f549-c304-4767-a5bc-9a42e86dc7d0</subfield>
    <subfield code="s">2662428</subfield>
    <subfield code="u">https://digicoll.lib.berkeley.edu/record/289263/files/991033096849706532_A2517940_523.jpg</subfield>
  </datafield>
  <datafield tag="856" ind1="4" ind2=" ">
    <subfield code="9">910a30f5-5605-43d9-bf94-f6a989df8a46</subfield>
    <subfield code="s">2761816</subfield>
    <subfield code="u">https://digicoll.lib.berkeley.edu/record/289263/files/991033096849706532_A2517940_524.jpg</subfield>
  </datafield>
  <datafield tag="856" ind1="4" ind2=" ">
    <subfield code="9">5f9d3d19-8acb-4c07-8147-cc9b11b0e747</subfield>
    <subfield code="s">2551346</subfield>
    <subfield code="u">https://digicoll.lib.berkeley.edu/record/289263/files/991033096849706532_A2517940_525.jpg</subfield>
  </datafield>
  <datafield tag="856" ind1="4" ind2=" ">
    <subfield code="9">119dc358-4100-4878-ad18-cd26fd7c8511</subfield>
    <subfield code="s">2809994</subfield>
    <subfield code="u">https://digicoll.lib.berkeley.edu/record/289263/files/991033096849706532_A2517940_526.jpg</subfield>
  </datafield>
  <datafield tag="856" ind1="4" ind2=" ">
    <subfield code="9">5d931194-0d94-43be-b42b-bafbbb5ec60c</subfield>
    <subfield code="s">2828163</subfield>
    <subfield code="u">https://digicoll.lib.berkeley.edu/record/289263/files/991033096849706532_A2517940_527.jpg</subfield>
  </datafield>
  <datafield tag="856" ind1="4" ind2=" ">
    <subfield code="9">51105765-6828-4f4b-957b-83fb0a254030</subfield>
    <subfield code="s">3240148</subfield>
    <subfield code="u">https://digicoll.lib.berkeley.edu/record/289263/files/991033096849706532_A2517940_528.jpg</subfield>
  </datafield>
  <datafield tag="856" ind1="4" ind2=" ">
    <subfield code="9">5ada49ce-c67f-4a3d-8574-fcdb4292c8b9</subfield>
    <subfield code="s">2786978</subfield>
    <subfield code="u">https://digicoll.lib.berkeley.edu/record/289263/files/991033096849706532_A2517940_529.jpg</subfield>
  </datafield>
  <datafield tag="856" ind1="4" ind2=" ">
    <subfield code="9">7ee9c1d7-a45d-4bb6-bfb8-38fd4ff18cba</subfield>
    <subfield code="s">3313297</subfield>
    <subfield code="u">https://digicoll.lib.berkeley.edu/record/289263/files/991033096849706532_A2517940_530.jpg</subfield>
  </datafield>
  <datafield tag="856" ind1="4" ind2=" ">
    <subfield code="9">bcf6c6c5-cd7d-4498-b178-7ed289afd199</subfield>
    <subfield code="s">2904142</subfield>
    <subfield code="u">https://digicoll.lib.berkeley.edu/record/289263/files/991033096849706532_A2517940_531.jpg</subfield>
  </datafield>
  <datafield tag="856" ind1="4" ind2=" ">
    <subfield code="9">f3caaa99-51b1-4735-81fd-73074685522f</subfield>
    <subfield code="s">2875197</subfield>
    <subfield code="u">https://digicoll.lib.berkeley.edu/record/289263/files/991033096849706532_A2517940_532.jpg</subfield>
  </datafield>
  <datafield tag="856" ind1="4" ind2=" ">
    <subfield code="9">3a986b07-a465-4563-a513-c75fb63a08b0</subfield>
    <subfield code="s">2753764</subfield>
    <subfield code="u">https://digicoll.lib.berkeley.edu/record/289263/files/991033096849706532_A2517940_533.jpg</subfield>
  </datafield>
  <datafield tag="856" ind1="4" ind2=" ">
    <subfield code="9">8341abc4-5820-46d1-be86-89c34c852450</subfield>
    <subfield code="s">2839338</subfield>
    <subfield code="u">https://digicoll.lib.berkeley.edu/record/289263/files/991033096849706532_A2517940_534.jpg</subfield>
  </datafield>
  <datafield tag="856" ind1="4" ind2=" ">
    <subfield code="9">46a9ae3a-5fcf-4797-b213-ce090dab0be3</subfield>
    <subfield code="s">2814746</subfield>
    <subfield code="u">https://digicoll.lib.berkeley.edu/record/289263/files/991033096849706532_A2517940_535.jpg</subfield>
  </datafield>
  <datafield tag="856" ind1="4" ind2=" ">
    <subfield code="9">abaf247a-38a1-42bf-a438-21e70417bf1a</subfield>
    <subfield code="s">3148911</subfield>
    <subfield code="u">https://digicoll.lib.berkeley.edu/record/289263/files/991033096849706532_A2517940_536.jpg</subfield>
  </datafield>
  <datafield tag="856" ind1="4" ind2=" ">
    <subfield code="9">f5e12c29-b313-4f66-af07-5b156aa23836</subfield>
    <subfield code="s">2954377</subfield>
    <subfield code="u">https://digicoll.lib.berkeley.edu/record/289263/files/991033096849706532_A2517940_537.jpg</subfield>
  </datafield>
  <datafield tag="856" ind1="4" ind2=" ">
    <subfield code="9">f98824e0-7a49-48e1-a151-8401601fc5de</subfield>
    <subfield code="s">3306849</subfield>
    <subfield code="u">https://digicoll.lib.berkeley.edu/record/289263/files/991033096849706532_A2517940_538.jpg</subfield>
  </datafield>
  <datafield tag="856" ind1="4" ind2=" ">
    <subfield code="9">36b1d8ab-8dba-4e95-969e-2e35bab8d55d</subfield>
    <subfield code="s">2835666</subfield>
    <subfield code="u">https://digicoll.lib.berkeley.edu/record/289263/files/991033096849706532_A2517940_539.jpg</subfield>
  </datafield>
  <datafield tag="856" ind1="4" ind2=" ">
    <subfield code="9">28c40e17-6e1a-4920-8a40-5593a672d067</subfield>
    <subfield code="s">3254147</subfield>
    <subfield code="u">https://digicoll.lib.berkeley.edu/record/289263/files/991033096849706532_A2517940_540.jpg</subfield>
  </datafield>
  <datafield tag="856" ind1="4" ind2=" ">
    <subfield code="9">dbdae382-46e2-4bcf-8298-c35997ce7fac</subfield>
    <subfield code="s">2925974</subfield>
    <subfield code="u">https://digicoll.lib.berkeley.edu/record/289263/files/991033096849706532_A2517940_541.jpg</subfield>
  </datafield>
  <datafield tag="856" ind1="4" ind2=" ">
    <subfield code="9">715e478b-9a61-46f3-9984-c7e965bff1a3</subfield>
    <subfield code="s">3084274</subfield>
    <subfield code="u">https://digicoll.lib.berkeley.edu/record/289263/files/991033096849706532_A2517940_542.jpg</subfield>
  </datafield>
  <datafield tag="856" ind1="4" ind2=" ">
    <subfield code="9">8c381f21-9dbc-400c-a50c-e3f549ee6618</subfield>
    <subfield code="s">2521035</subfield>
    <subfield code="u">https://digicoll.lib.berkeley.edu/record/289263/files/991033096849706532_A2517940_543.jpg</subfield>
  </datafield>
  <datafield tag="856" ind1="4" ind2=" ">
    <subfield code="9">2787139c-c46e-4f3f-b264-7fa16201b118</subfield>
    <subfield code="s">2975953</subfield>
    <subfield code="u">https://digicoll.lib.berkeley.edu/record/289263/files/991033096849706532_A2517940_544.jpg</subfield>
  </datafield>
  <datafield tag="856" ind1="4" ind2=" ">
    <subfield code="9">de26f572-c23e-49e8-bc96-55db3776ad5f</subfield>
    <subfield code="s">2990740</subfield>
    <subfield code="u">https://digicoll.lib.berkeley.edu/record/289263/files/991033096849706532_A2517940_545.jpg</subfield>
  </datafield>
  <datafield tag="856" ind1="4" ind2=" ">
    <subfield code="9">5508c4c2-b3bc-4e55-b642-1fff2a150ebe</subfield>
    <subfield code="s">2847179</subfield>
    <subfield code="u">https://digicoll.lib.berkeley.edu/record/289263/files/991033096849706532_A2517940_546.jpg</subfield>
  </datafield>
  <datafield tag="856" ind1="4" ind2=" ">
    <subfield code="9">77dd4171-a857-4c66-aa11-84dc5ceff4ff</subfield>
    <subfield code="s">2908544</subfield>
    <subfield code="u">https://digicoll.lib.berkeley.edu/record/289263/files/991033096849706532_A2517940_547.jpg</subfield>
  </datafield>
  <datafield tag="856" ind1="4" ind2=" ">
    <subfield code="9">3bb5dc86-350e-4409-9227-0a7e63738de9</subfield>
    <subfield code="s">2979033</subfield>
    <subfield code="u">https://digicoll.lib.berkeley.edu/record/289263/files/991033096849706532_A2517940_548.jpg</subfield>
  </datafield>
  <datafield tag="856" ind1="4" ind2=" ">
    <subfield code="9">ea43fcb1-dc7a-40e3-aabe-848be86560fd</subfield>
    <subfield code="s">2906300</subfield>
    <subfield code="u">https://digicoll.lib.berkeley.edu/record/289263/files/991033096849706532_A2517940_549.jpg</subfield>
  </datafield>
  <datafield tag="856" ind1="4" ind2=" ">
    <subfield code="9">0a5f7947-481e-49ad-be64-14d1381cb432</subfield>
    <subfield code="s">2780671</subfield>
    <subfield code="u">https://digicoll.lib.berkeley.edu/record/289263/files/991033096849706532_A2517940_550.jpg</subfield>
  </datafield>
  <datafield tag="856" ind1="4" ind2=" ">
    <subfield code="9">76e1f04e-9f2e-4e57-be68-07d589b9ec3f</subfield>
    <subfield code="s">2607858</subfield>
    <subfield code="u">https://digicoll.lib.berkeley.edu/record/289263/files/991033096849706532_A2517940_551.jpg</subfield>
  </datafield>
  <datafield tag="856" ind1="4" ind2=" ">
    <subfield code="9">f4753866-4414-44d3-88c2-d2f54441c9f5</subfield>
    <subfield code="s">2978445</subfield>
    <subfield code="u">https://digicoll.lib.berkeley.edu/record/289263/files/991033096849706532_A2517940_552.jpg</subfield>
  </datafield>
  <datafield tag="856" ind1="4" ind2=" ">
    <subfield code="9">2639d1ad-bd3f-4b77-8289-7c6cc9d1978a</subfield>
    <subfield code="s">2719356</subfield>
    <subfield code="u">https://digicoll.lib.berkeley.edu/record/289263/files/991033096849706532_A2517940_553.jpg</subfield>
  </datafield>
  <datafield tag="856" ind1="4" ind2=" ">
    <subfield code="9">e91653e3-e621-4907-a22a-621a9088e076</subfield>
    <subfield code="s">2839967</subfield>
    <subfield code="u">https://digicoll.lib.berkeley.edu/record/289263/files/991033096849706532_A2517940_554.jpg</subfield>
  </datafield>
  <datafield tag="856" ind1="4" ind2=" ">
    <subfield code="9">4af004de-c137-4b1d-ba8e-99ac9a2a37b2</subfield>
    <subfield code="s">3052867</subfield>
    <subfield code="u">https://digicoll.lib.berkeley.edu/record/289263/files/991033096849706532_A2517940_555.jpg</subfield>
  </datafield>
  <datafield tag="856" ind1="4" ind2=" ">
    <subfield code="9">501c19b2-38ae-4aa6-9082-5a8bf0261042</subfield>
    <subfield code="s">2722917</subfield>
    <subfield code="u">https://digicoll.lib.berkeley.edu/record/289263/files/991033096849706532_A2517940_556.jpg</subfield>
  </datafield>
  <datafield tag="856" ind1="4" ind2=" ">
    <subfield code="9">e4632103-e736-48cb-9895-16ba33faf79d</subfield>
    <subfield code="s">2804937</subfield>
    <subfield code="u">https://digicoll.lib.berkeley.edu/record/289263/files/991033096849706532_A2517940_557.jpg</subfield>
  </datafield>
  <datafield tag="856" ind1="4" ind2=" ">
    <subfield code="9">1b2e410e-78c1-4791-886a-e125307f828e</subfield>
    <subfield code="s">2998837</subfield>
    <subfield code="u">https://digicoll.lib.berkeley.edu/record/289263/files/991033096849706532_A2517940_558.jpg</subfield>
  </datafield>
  <datafield tag="856" ind1="4" ind2=" ">
    <subfield code="9">c4b52ac7-a390-4dd9-a144-f668ae96ef95</subfield>
    <subfield code="s">3055309</subfield>
    <subfield code="u">https://digicoll.lib.berkeley.edu/record/289263/files/991033096849706532_A2517940_559.jpg</subfield>
  </datafield>
  <datafield tag="856" ind1="4" ind2=" ">
    <subfield code="9">226ec21d-293d-48fb-89b4-80f1efcd4089</subfield>
    <subfield code="s">3177462</subfield>
    <subfield code="u">https://digicoll.lib.berkeley.edu/record/289263/files/991033096849706532_A2517940_560.jpg</subfield>
  </datafield>
  <datafield tag="856" ind1="4" ind2=" ">
    <subfield code="9">ec624546-4570-47e0-8238-33536b56f3d9</subfield>
    <subfield code="s">2966387</subfield>
    <subfield code="u">https://digicoll.lib.berkeley.edu/record/289263/files/991033096849706532_A2517940_561.jpg</subfield>
  </datafield>
  <datafield tag="856" ind1="4" ind2=" ">
    <subfield code="9">55370163-7c15-4a2d-8373-4b0e2d1be7ba</subfield>
    <subfield code="s">2763214</subfield>
    <subfield code="u">https://digicoll.lib.berkeley.edu/record/289263/files/991033096849706532_A2517940_562.jpg</subfield>
  </datafield>
  <datafield tag="856" ind1="4" ind2=" ">
    <subfield code="9">dfccc76c-98ca-4589-a3c1-412a6f4a3c12</subfield>
    <subfield code="s">3229417</subfield>
    <subfield code="u">https://digicoll.lib.berkeley.edu/record/289263/files/991033096849706532_A2517940_563.jpg</subfield>
  </datafield>
  <datafield tag="856" ind1="4" ind2=" ">
    <subfield code="9">c5134926-9112-46e6-a88e-7046bb3ec9f5</subfield>
    <subfield code="s">2764112</subfield>
    <subfield code="u">https://digicoll.lib.berkeley.edu/record/289263/files/991033096849706532_A2517940_564.jpg</subfield>
  </datafield>
  <datafield tag="856" ind1="4" ind2=" ">
    <subfield code="9">f224cb9b-b940-4158-b70a-aa16289eb2b4</subfield>
    <subfield code="s">2969796</subfield>
    <subfield code="u">https://digicoll.lib.berkeley.edu/record/289263/files/991033096849706532_A2517940_565.jpg</subfield>
  </datafield>
  <datafield tag="856" ind1="4" ind2=" ">
    <subfield code="9">b10872a4-b71d-4de6-b3cb-851e5050dce7</subfield>
    <subfield code="s">2709875</subfield>
    <subfield code="u">https://digicoll.lib.berkeley.edu/record/289263/files/991033096849706532_A2517940_566.jpg</subfield>
  </datafield>
  <datafield tag="856" ind1="4" ind2=" ">
    <subfield code="9">0219e62f-5a77-4d4e-843c-36de422fb340</subfield>
    <subfield code="s">2686179</subfield>
    <subfield code="u">https://digicoll.lib.berkeley.edu/record/289263/files/991033096849706532_A2517940_567.jpg</subfield>
  </datafield>
  <datafield tag="856" ind1="4" ind2=" ">
    <subfield code="9">f5cd5b4e-e24f-4256-aa1d-32b698978157</subfield>
    <subfield code="s">2967037</subfield>
    <subfield code="u">https://digicoll.lib.berkeley.edu/record/289263/files/991033096849706532_A2517940_568.jpg</subfield>
  </datafield>
  <datafield tag="856" ind1="4" ind2=" ">
    <subfield code="9">889ecf18-1047-4e1e-9edb-a9e1ededa655</subfield>
    <subfield code="s">2446501</subfield>
    <subfield code="u">https://digicoll.lib.berkeley.edu/record/289263/files/991033096849706532_A2517940_569.jpg</subfield>
  </datafield>
  <datafield tag="856" ind1="4" ind2=" ">
    <subfield code="9">2cbd967f-6c76-456f-9050-b2b3c13c9574</subfield>
    <subfield code="s">2617788</subfield>
    <subfield code="u">https://digicoll.lib.berkeley.edu/record/289263/files/991033096849706532_A2517940_570.jpg</subfield>
  </datafield>
  <datafield tag="856" ind1="4" ind2=" ">
    <subfield code="9">a81a0ddd-8b18-41b7-a04b-6b2116d489da</subfield>
    <subfield code="s">2416148</subfield>
    <subfield code="u">https://digicoll.lib.berkeley.edu/record/289263/files/991033096849706532_A2517940_571.jpg</subfield>
  </datafield>
  <datafield tag="856" ind1="4" ind2=" ">
    <subfield code="9">032a1a87-89ca-4470-82e9-5d1fd65f2ad9</subfield>
    <subfield code="s">3091108</subfield>
    <subfield code="u">https://digicoll.lib.berkeley.edu/record/289263/files/991033096849706532_A2517940_572.jpg</subfield>
  </datafield>
  <datafield tag="856" ind1="4" ind2=" ">
    <subfield code="9">4a5d7d09-b550-4a0c-bd1f-f6e95b9179a0</subfield>
    <subfield code="s">2042914</subfield>
    <subfield code="u">https://digicoll.lib.berkeley.edu/record/289263/files/991033096849706532_A2517940_573.jpg</subfield>
  </datafield>
  <datafield tag="856" ind1="4" ind2=" ">
    <subfield code="9">5d4f77f6-05e7-4306-bb84-166ffda8f728</subfield>
    <subfield code="s">2036603</subfield>
    <subfield code="u">https://digicoll.lib.berkeley.edu/record/289263/files/991033096849706532_A2517940_574.jpg</subfield>
  </datafield>
  <datafield tag="880" ind1="2" ind2=" ">
    <subfield code="6">710-01/$1</subfield>
    <subfield code="a">東京 市區 調查會.</subfield>
  </datafield>
  <datafield tag="880" ind1=" " ind2=" ">
    <subfield code="6">245-02/$1</subfield>
    <subfield code="a">東京市 及 接續 郡部 地籍 地圖</subfield>
  </datafield>
  <datafield tag="880" ind1=" " ind2=" ">
    <subfield code="6">260-03/$1</subfield>
    <subfield code="a">東京</subfield>
    <subfield code="b">東京 市區 調查會</subfield>
    <subfield code="c">大正 1  1912</subfield>
  </datafield>
  <datafield tag="901" ind1=" " ind2=" ">
    <subfield code="m">991033096849706532</subfield>
  </datafield>
  <datafield tag="902" ind1=" " ind2=" ">
    <subfield code="d">2024-10-15</subfield>
    <subfield code="n">syscript - LEG</subfield>
  </datafield>
  <datafield tag="903" ind1=" " ind2=" ">
    <subfield code="b">m</subfield>
  </datafield>
  <datafield tag="909" ind1="C" ind2="O">
    <subfield code="o">oai:digicoll.lib.berkeley.edu:289263</subfield>
    <subfield code="p">japanesehistoricalmaps</subfield>
    <subfield code="p">sfg</subfield>
  </datafield>
  <datafield tag="980" ind1=" " ind2=" ">
    <subfield code="a">jpnmap</subfield>
  </datafield>
  <datafield tag="982" ind1=" " ind2=" ">
    <subfield code="a">Japanese Historical Maps</subfield>
    <subfield code="b">Japanese Historical Maps</subfield>
  </datafield>
</record>